2053 2969
591 456 1283 519 PRAEFATIO.

199 923 350 974 Quodsi
371 923 545 960 omnium
570 933 759 959 consensu
784 923 919 971 ingens
949 923 1064 960 labor
1084 929 1142 960 est
1164 924 1241 961 iam
1262 924 1414 962 dudum
1438 926 1563 963 editos
1583 926 1771 962 historiae

100 1005 226 1042 fontes
255 1004 543 1053 pervestigare,
577 1004 753 1051 partium
789 1003 965 1039 studium
994 1003 1037 1039 in
1069 1004 1235 1052 singulis
1263 1006 1524 1054 scriptoribus
1544 1017 1772 1054 agnoscere,

102 1095 197 1120 vera
218 1095 243 1119 a
270 1084 378 1119 falsis
402 1094 623 1126 secernere3
649 1083 682 1119 si
704 1083 780 1120 hoc
801 1083 939 1119 labore
963 1088 1148 1131 superato
1179 1084 1453 1122 difficillimum
1476 1092 1605 1123 tamen
1628 1090 1685 1122 est
1716 1086 1774 1121 hi-

105 1163 268 1198 storiam
292 1163 370 1198 rite
393 1163 657 1205 conscribere,
696 1162 752 1198 ita
784 1167 831 1198 ut
858 1173 921 1198 res
951 1167 1081 1210 gestae
1105 1175 1184 1200 non
1213 1164 1317 1200 nude
1346 1170 1385 1201 et
1408 1166 1557 1211 ieiune,
1591 1166 1691 1202 sicut
1728 1164 1770 1200 in

103 1241 224 1278 medii
254 1241 339 1277 aevi
367 1241 595 1284 annalibus,
625 1246 861 1285 narrentur,
887 1241 954 1277 sed
978 1241 1118 1279 lectori
1140 1249 1389 1291 proponatur
1418 1246 1544 1281 fidelis
1569 1250 1608 1280 et
1639 1244 1772 1281 vivida

104 1321 233 1367 imago
262 1320 498 1356 conditionis
523 1331 625 1367 quae
651 1320 774 1356 fuerit
801 1320 949 1368 populo
974 1321 1023 1356 de
1053 1334 1132 1369 quo
1161 1328 1322 1370 agatur3
1348 1329 1394 1360 ut
1421 1325 1538 1360 huius
1570 1335 1697 1360 mores
1734 1328 1774 1359 et

103 1400 285 1436 instituta
308 1404 508 1446 tamquam
534 1400 574 1434 in
604 1400 742 1435 tabula
768 1400 1055 1448 depingantur;
1081 1402 1260 1438 virorum
1290 1404 1361 1450 qui
1392 1404 1577 1440 maximas
1610 1408 1776 1451 egerunt

103 1485 255 1528 parteS,
281 1479 430 1515 indoles
453 1485 672 1527 exponatur
689 1484 728 1515 et
747 1479 1010 1523 diiudicetur3
1036 1482 1184 1517 artium
1207 1482 1377 1530 denique
1397 1482 1774 1531 disciplinarmnque

102 1560 333 1607 progressus
362 1559 642 1595 ostendantur:
679 1559 713 1595 si
742 1559 804 1603 hi,
836 1559 1021 1608 inquam,
1048 1561 1203 1597 labores
1231 1562 1318 1597 iure
1344 1563 1518 1610 ingentes
1548 1567 1774 1606 censentur,

104 1651 184 1686 quo
206 1639 363 1674 tandem
386 1638 542 1674 nomine
564 1639 791 1686 designandi
812 1645 904 1676 sunt
927 1641 987 1676 illi
1012 1641 1082 1676 ubi
1104 1638 1311 1677 historiam
1341 1642 1484 1678 saeculi
1514 1641 1776 1678 enarrandam

102 1718 192 1766 quis
211 1718 252 1753 in
272 1729 311 1753 se
337 1718 550 1766 susceperit
573 1720 684 1755 cuius
708 1720 856 1763 fontes,
879 1731 923 1774 ex
945 1720 1089 1766 quibus
1115 1720 1309 1756 illustrari
1334 1721 1492 1765 debeat,
1518 1733 1596 1758 non
1623 1726 1775 1757 tantum

104 1809 182 1834 non
202 1797 299 1832 editi
320 1798 420 1841 sint,
448 1798 514 1833 sed
537 1798 710 1845 primum
731 1798 907 1845 undique
927 1799 1006 1834 sint
1029 1800 1310 1846 conquirendi,
1337 1812 1448 1848 saepe
1468 1813 1547 1837 non
1564 1801 1638 1836 nisi
1669 1800 1774 1836 felici

103 1889 196 1913 casu
226 1876 564 1924 deprehendendi,
591 1877 732 1912 deinde
752 1877 888 1913 critice
906 1878 1104 1913 tractandi
1135 1889 1180 1914 eo
1213 1879 1415 1926 proposito
1440 1884 1485 1914 ut
1519 1880 1568 1914 de
1599 1879 1772 1926 singulo-

103 1968 190 1993 rum
211 1957 425 1992 verborum
450 1956 733 2003 sigifificatione
753 1956 813 1992 vel
830 1956 1055 2003 integritate
1075 1962 1183 1992 certo
1207 1963 1355 1993 constet
1368 1985 1378 2002 ,
1397 1958 1452 1993 ita
1473 1963 1518 1994 ut
1538 1959 1774 2006 praecedant

108 2047 257 2072 necesse
286 2036 337 2071 sit
361 2036 632 2083 grammatici,
657 2035 924 2084 lexicographi
953 2041 992 2072 et
1015 2036 1146 2073 critici
1172 2037 1326 2073 labores
1348 2043 1557 2085 antequam
1581 2037 1631 2074 de
1654 2038 1775 2074 histo-

104 2115 180 2152 rici
200 2114 325 2150 officio
342 2115 510 2162 cogitari
530 2115 673 2163 possit!

151 2194 206 2230 Hi
236 2195 390 2230 labores
418 2195 515 2230 mihi
547 2194 794 2239 exantlandi,
828 2194 901 2230 hae
939 2195 1186 2231 difficultates
1217 2196 1459 2243 superandae
1484 2201 1619 2240 erant,
1649 2208 1773 2244 quum

104 2274 305 2309 historiam
325 2274 623 2310 Abbadidarum
650 2275 747 2310 mihi
768 2275 1014 2310 tractandam
1040 2275 1270 2310 sumsissem.
1321 2275 1371 2311 Et
1398 2277 1514 2323 longe
1546 2277 1722 2324 profecto
1749 2287 1773 2310 a

105 2363 166 2388 me
185 2352 293 2389 abest
312 2357 358 2388 ut
388 2353 438 2389 iis
461 2365 562 2402 quae
587 2355 891 2403 postulabantur
922 2354 1150 2391 satisfecisse
1171 2365 1232 2389 me
1259 2359 1391 2403 putem
1406 2382 1416 2401 ,
1442 2367 1512 2392 nec
1533 2355 1656 2404 magis
1679 2365 1775 2403 prae
