2053 2969
834 164 1146 202 —179—

154 261 230 306 equi
245 260 334 300 ¹⁸,et
354 258 515 292 micabant
537 259 568 291 in
588 259 655 292 eius
677 260 757 293 areis
777 258 910 292 fulmina
931 271 1037 293 rerum
1059 267 1236 304 optatarum
1257 274 1333 308 quas
1356 263 1566 304 offerebat¹⁹;
1590 265 1731 301 Fortuna
1752 280 1825 303 vero

156 320 306 353 obediens
325 317 492 351 incedebat
512 317 551 349 ab
571 329 608 350 eo
628 317 702 350 inde
720 324 863 362 tempore
886 330 950 362 quo
974 319 1035 351 iter
1054 320 1247 353 matutinum
1270 322 1456 356 instituebat
1477 334 1576 368 usque
1595 324 1634 357 ad
1656 326 1751 360 finem
1771 328 1826 360 iti·

154 380 238 412 neris
258 377 430 422 vespertini
441 382 491 415 20,
515 376 552 408 iis
572 375 693 408 scilicet
713 376 825 408 diebus
839 377 954 420 quibus
967 377 1008 409 ab
1026 377 1087 410 hoc
1102 378 1247 422 (palatio)
1263 391 1325 411 non
1346 381 1582 425 diripiebantur
1606 384 1742 418 amuleta
1756 388 1831 430 qui-

154 439 212 470 bus
237 444 340 470 tutum
364 441 452 473 erat,
479 445 583 478 neque
602 434 712 478 palatii
735 434 857 478 calyces
880 442 908 460 21
931 436 1064 468 floribus
1085 437 1257 469 iuventutis
1281 438 1441 472 carebant.
1490 441 1581 473 Hanc
1604 441 1745 485 (urbem)
1769 455 1828 488 pro

155 496 210 528 tali
230 494 367 527 habebat
390 494 422 525 in
445 493 507 536 qua
530 493 697 536 multiplex
716 504 771 525 sua
792 505 861 537 spes
885 493 967 527 laete
987 495 1105 528 viveret
1127 502 1158 528 et
1177 508 1235 540 pro
1253 507 1376 529 summo
1395 498 1427 530 in
1447 498 1623 532 ditionibus
1644 501 1707 533 suis
1732 501 1802 534 loco
1819 514 1827 541 3

153 555 269 598 quibus
282 551 451 585 accedebat
464 557 622 584 tractuum
636 550 862 595 pulchritudO,
875 552 1045 596 fragrantia
1063 553 1198 587 odorum
1210 561 1239 578 22
1253 561 1482 600 ventorumque
1495 564 1523 587 23
1538 583 1546 596 ,
1560 558 1638 591 laeta
1652 559 1833 593 luxurians-

154 624 217 656 que
238 612 402 644 hortorum
424 610 590 642 arboribus
606 611 800 643 consitorum
819 611 959 643 conditio
974 622 981 649 ;
1002 618 1165 656 praeterea
1180 614 1269 656 quasi
1291 620 1405 658 torque
1419 616 1614 649 circumdata
1627 626 1694 651 erat
1707 618 1832 652 duobus

152 672 216 704 suis
237 671 341 703 fluviis
362 668 472 702 eodem
490 668 585 702 modo
601 675 633 702 et
645 669 715 701 loco
737 681 801 713 quo
820 670 868 702 vir
886 669 1027 702 balteum
1041 676 1161 714 gestare
1174 671 1266 704 solet.
1300 671 1347 704 De
1360 671 1419 705 hac
1440 675 1483 706 ait
1501 675 1827 715 'Ibno-'l—Labbana:

196 729 344 762 Nescitne
362 728 552 761 ·al-Mo:'t'azz
574 727 747 767 bi-’l-lah‚
771 739 843 767 me,
874 729 906 761 in
930 729 1028 773 ipsius
1049 729 1133 772 regia
1152 729 1225 761 sede
1246 736 1419 763 versantem
1439 755 1447 769 ,
1472 743 1536 764 esse
1561 733 1594 765 in
1615 734 1709 767 horto
1732 747 1828 780 quein

238 793 379 831 permeat
401 786 543 818 fluvius?

193 847 265 879 Non
288 853 391 878 autem
412 851 458 878 est
477 845 591 877 fluvius
611 845 734 878 circum
757 855 851 890 quem
871 844 1000 890 plantae
1012 845 1166 890 pabulum
1190 845 1290 878 viride
1311 845 1515 891 producunt,
1538 848 1591 881 sed
1611 856 1657 882 est
1675 852 1755 884 ensis
1774 854 1826 884 cui

239 905 349 937 viridis
366 910 413 937 est
430 903 552 937 balteus
574 911 617 938 24.

194 963 262 996 Hac
284 963 362 995 urbe
393 963 505 995 relicta
535 962 644 1007 (quam
669 962 860 996 ·al-M0=‘t'azz
888 962 1051 1007 praeclare
1073 961 1370 1003 administraverat,
1395 970 1428 997 et
1453 966 1542 998 cuius
1568 968 1730 1012 principes
1752 970 1825 1013 ple—

154 1022 290 1065 bemque
310 1021 386 1053 mite
408 1022 608 1061 tractaverat)
624 1022 709 1053 venit
729 1021 767 1053 ad
788 1022 855 1053 eius
878 1021 1284 1054 domum-al-Mozfamidus
1305 1029 1341 1055 ut
1361 1023 1429 1055 eius
1452 1024 1591 1057 reditum
1612 1026 1712 1069 gloria
1734 1039 1827 1060 orna-

154 1086 224 1116 ret,
254 1085 285 1111 et
303 1085 338 1111 ut
364 1080 394 1111 ei
422 1085 593 1111 monstaret
615 1085 735 1122 quanto
759 1080 791 1112 in
818 1079 939 1112 honore
967 1081 1152 1124 quantaque
1175 1080 1207 1112 in
1228 1082 1446 1114 aestimatione
1475 1094 1548 1115 eum
1571 1083 1714 1119 haberet.
1763 1087 1828 1119 Re-

155 1138 346 1169 creationem
378 1143 486 1180 petens
509 1143 560 1174 2⁵,
593 1148 648 1179 per
682 1143 782 1169 totum
809 1137 893 1169 diem
924 1138 1006 1182 apud
1039 1149 1112 1170 eum
1142 1139 1280 1177 mansit,
1309 1146 1340 1172 et
1364 1145 1510 1173 strenuus
1533 1142 1734 1188 diligensque
1763 1156 1824 1177 cu·-

153 1196 254 1227 currit
278 1196 309 1226 in
340 1194 551 1237 hippodromo
580 1194 744 1226 familiaris
775 1195 972 1227 eruditorum
1004 1198 1180 1229 concessus.
1228 1198 1329 1230 Iratus
1352 1198 1481 1241 quidem
1507 1199 1611 1233 fuerat
1631 1204 1796 1246 ‘ar-Rffljio
1813 1230 1820 1240 ‚

154 1253 204 1285 sed
237 1253 301 1284 vini
329 1253 373 1283 vis
394 1252 512 1283 clarum
539 1251 679 1283 reddidit
705 1253 770 1284 eius
792 1253 950 1284 finitorem
974 1252 1005 1276 2⁶
1024 1259 1055 1286 et
1076 1253 1193 1287 delevit
1214 1255 1292 1288 iram
1316 1255 1489 1301 odiumque
1511 1270 1591 1302 quae
1617 1268 1726 1293 contra
1749 1272 1823 1294 eum

152 1316 360 1354 conceperat3
387 1311 454 1341 eius
482 1309 614 1341 sormam
638 1310 697 1353 ipsi
718 1311 962 1353 repraesentavit
984 1311 1093 1343 oculus
1123 1312 1154 1344 in
1184 1324 1323 1345 amorem
1351 1325 1550 1358 propensus,
1584 1328 1823 1363 memoremque

152 1371 254 1414 ipsum
282 1368 420 1401 reddidit
454 1368 543 1399 illum
571 1368 676 1400 abesse
692 1392 700 1406 ,
735 1369 777 1400 ita
802 1376 836 1400 ut
865 1380 936 1400 euin
958 1377 1154 1412 praesentem
1183 1382 1248 1403 esse
1270 1370 1380 1406 vellet.
1426 1373 1510 1405 Dum
1536 1385 1610 1407 vero
1632 1376 1687 1409 ille
1709 1388 1726 1408 a
1748 1389 1823 1421 rege

151 1428 316 1460 arcessitus
339 1428 477 1466 veniret,
493 1427 612 1459 interea
631 1425 790 1459 declinare
810 1427 888 1460 fecit
910 1427 1045 1460 ebrietas
1061 1428 1339 1463 al-Moitamidum
1358 1441 1375 1462 a
1392 1430 1464 1465 sede
1482 1432 1538 1465 suit
1549 1438 1580 1463 27
1593 1458 1603 1473 ‚
1625 1434 1668 1466 ita
1691 1441 1726 1467 ut
1746 1435 1822 1467 dor-

153 1544 200 1581 18)
232 1544 273 1573 De
298 1553 429 1582 equorum
449 1541 606 1571 simulacris
633 1541 677 1580 (cf.
702 1552 782 1581 supra
803 1553 828 1582 p.
847 1541 885 1572 83
914 1553 977 1573 anu.
996 1544 1075 1584 (58))
1097 1545 1288 1585 cogitandum,
1317 1557 1385 1587 quae
1405 1546 1471 1579 adeo
1496 1551 1621 1580 naturam
1648 1550 1822 1582 similitudine

232 1596 396 1631 rest-rebant,
421 1599 449 1624 ut
470 1606 581 1625 currere
600 1596 764 1625 viderentur.

154 1650 201 1686 19)
229 1649 261 1678 Id
280 1653 332 1678 est:
355 1650 444 1678 omnia
464 1660 531 1688 quae
548 1653 651 1688 optares
673 1653 698 1679 et
717 1650 827 1689 pulchra
846 1652 1025 1690 existimares,
1043 1654 1081 1683 ibi
1102 1655 1218 1684 maximo
1241 1665 1305 1686 cum
1323 1654 1463 1694 splendore
1485 1655 1605 1687 aderant.

150 1703 199 1739 20)
229 1703 269 1731 Cf.
290 1713 370 1741 supra
386 1714 414 1742 p.
432 1703 487 1731 163
508 1714 569 1733 ann.
590 1704 684 1742 (534).

150 1756 200 1790 21)
229 1756 303 1785 Plur.
326 1758 412 1805 (ἐμέ
437 1758 535 1786 Lexico
551 1758 679 1794 addend.;
698 1760 816 1788 occurrit
833 1760 912 1789 etiam
928 1758 990 1790 alibi
1010 1762 1038 1791 in
1055 1762 1250 1802 ·al—Qalc}yid‚
1272 1766 1301 1792 ut
1316 1764 1373 1793 MS.
1394 1764 1446 1795 Ga.
1463 1765 1510 1794 sol.
1525 1765 1562 1794 94
1573 1775 1596 1794 v.
1616 1769 1683 1795 caet.

148 1810 198 1847 22)
228 1811 325 1838 Lexico
346 1810 497 1840 addendum
515 1815 570 1847 est,
591 1816 659 1851 part.
683 1814 743 1842 fem.
763 1815 880 1849 bxiij,
904 1815 931 1843 in
949 1815 1019 1854 plur.
1041 1819 1098 1870 exii
1123 1823 1148 1853 '‚
1171 1817 1292 1853 odorem,
1312 1818 1352 1847 vel
1369 1820 1470 1855 flatum
1490 1822 1565 1849 venti
1589 1820 1693 1849 odorem
1718 1821 1748 1849 di
1773 1831 1825 1849 ιιη-

228 1864 328 1892 dentem
347 1865 506 1903 significare.

149 1931 198 1967 23)
226 1932 298 1961 llaec
315 1932 473 1971 significatio
491 1933 612 1963 vocabuli
634 1917 689 1966 ’ἒξ-’ἑ
712 1935 810 1964 Lexico
835 1938 874 1964 est
899 1934 1037 1970 addenda;
1063 1937 1096 1966 cs.
1115 1937 1294 1977 ·al-Qalayid
1313 1939 1370 1969 MS.
1389 1940 1422 1969 Ἀ.
1440 1938 1465 1970 I.
1486 1950 1512 1980 p.
1531 1940 1585 1970 85:
1608 1943 1683 1973 Μ)
1709 1942 1821 1989 &2⁵52

1441 2022 1599 2064 aeae-uo
1623 2027 1701 2074 Q>
1726 2013 1824 2064 ‘eigs

150 2053 199 2090 24)
226 2054 358 2093 Perquam
377 2053 485 2083 solenne
505 2057 543 2083 est
560 2054 679 2085 Arabum
698 2057 782 2095 potitis
801 2059 831 2084 ut
848 2056 948 2087 flumen
969 2067 1031 2086 cum
1053 2069 1113 2088 ense
1136 2064 1302 2099 comparent.

148 2106 197 2144 25)
229 2107 269 2136 De
289 2107 337 2136 10Ι
351 2108 437 2136 forma
456 2108 532 2137 verbi
553 2111 600 2163 ὃς)
623 2110 682 2139 vide
703 2121 770 2150 quae
790 2112 915 2140 annotavi
931 2122 1012 2150 supra
1031 2123 1058 2151 p.
1079 2114 1131 2142 157
1155 2125 1219 2143 ann.
1237 2114 1327 2152 (499).

149 2160 198 2197 26)
225 2160 257 2190 Id
279 2164 330 2191 est:
351 2162 446 2191 vinum
465 2162 576 2192 eandem
594 2164 649 2193 vim
675 2164 703 2194 in
726 2164 959 2195 ·al-Mo³eamidum
987 2171 1146 2196 exercuerat
1173 2179 1255 2208 quain
1284 2173 1389 2199 exercet
1411 2174 1506 2201 ventus
1529 2171 1556 2202 in
1578 2171 1682 2202 coelum
1704 2173 1823 2204 nubibus

226 2214 378 2244 obductum.

150 2266 200 2305 27)
229 2267 397 2299 constructio
414 2271 490 2301 verbi
509 2270 560 2310 ῥυ
581 2282 606 2302 c.
627 2288 661 2314 ‘r'
683 2283 708 2312 p.
730 2273 758 2302 in
778 2273 876 2303 Lexico
895 2274 1003 2313 quidem
1028 2285 1082 2304 non
1104 2279 1142 2305 est
1168 2280 1311 2311 annotata:
1332 2277 1378 2307 sed
1397 2281 1428 2307 ut
1443 2278 1509 2318 sk?-
1529 2279 1661 2319 significat
1680 2281 1773 2315 venit,
1796 2283 1822 2309 et

228 2337 263 2364 Ψ
293 2323 356 2362 :tl-1>-
386 2325 518 2361 adduxit,
543 2326 581 2355 sic
607 2328 686 2356 etiam
719 2331 809 2356 nostro
840 2329 938 2364 verbo,
967 2339 1030 2358 cum
1058 2346 1092 2371 ‘e'
1113 2334 1286 2367 constructo,
1311 2332 1369 2362 sine
1389 2332 1472 2361 dubio
1496 2334 1634 2364 transitiva
1652 2338 1766 2375 potestas
1784 2338 1823 2364 est

230 2375 409 2408 adscribenda.
450 2378 594 2410 Caeterum
616 2381 697 2410 verba
712 2391 770 2421 sqq.
792 2382 847 2439 εἷός
873 2385 962 2431 ιιιῌρ
985 2384 1066 2417 ῡωϋ
1088 2385 1194 2425 egregie
1210 2386 1274 2415 haec
1290 2387 1372 2416 verba
1390 2386 1535 2418 illustrant.

1417 2439 1479 2470 23*
