2053 2969
960 207 1220 235 —x—

261 320 345 351 tum
371 313 609 362 scriptorum
636 313 809 350 Arabum
830 312 1045 361 Europaeis
1072 313 1250 350 offerant.
1303 310 1384 359 Ego
1407 322 1564 360 quoque
1582 313 1637 349 sic
1660 323 1830 357 censens,
1852 317 1926 361 pn}

261 395 341 430 tavi
375 404 501 430 meum
532 403 611 428 esse
645 397 689 428 ut
721 403 765 428 ex
802 392 1062 439 scriptoribus
1090 392 1161 439 qui
1197 391 1326 439 capita
1357 391 1406 427 de
1435 392 1650 428 Abbadidis
1675 393 1846 428 offerunt
1869 393 1930 427 al-

261 472 570 509 Mari-akishium
599 476 705 508 certe
735 471 932 517 integrum
966 470 1138 512 ederem,
1169 471 1331 517 eiusque
1354 470 1479 517 igitur
1502 476 1620 519 caput
1653 471 1692 507 in
1715 472 1789 507 hoc
1809 482 1929 519 opere

261 564 338 588 non
363 551 633 587 describerem.
686 549 778 586 Post
799 549 906 585 haud
931 549 1090 597 longum
1118 551 1304 598 temporis
1333 550 1583 587 intervallum
1610 561 1671 587 me
1697 551 1929 599 scriptorem

258 632 369 667 illum
398 629 513 666 edere
530 640 662 677 posse,
687 640 770 677 spes
795 628 891 664 mihi
912 629 1016 664 fecta
1037 635 1104 665 est.

306 709 582 745 Gratissimum
605 709 702 744 mihi
725 713 845 744 restat
871 707 1059 752 officium,
1080 709 1228 755 gratias
1251 718 1388 756 nempe
1416 707 1558 756 agendi
1580 707 1659 744 illis
1688 708 1757 755 qui
1783 707 1832 743 de
1852 708 1928 744 hoc

259 799 376 836 opere
397 788 541 836 optime
560 792 651 822 sunt
676 787 819 823 meriti.
870 786 951 822 Has
976 788 1106 835 itaque
1131 798 1175 823 ex
1192 788 1271 822 imo
1293 793 1451 835 pectore
1469 798 1543 834 ago
1562 787 1618 823 Cl.
1635 786 1805 830 Bomio,
1835 787 1926 822 Mu-

258 868 313 903 sei
339 866 498 903 Asiatici
524 865 808 913 Petropolitani
831 866 1051 913 praefecte,
1081 876 1104 900 a
1128 877 1229 912 quo,
1260 866 1523 902 intercedente
1555 864 1788 902 Doctissimo
1813 866 1929 901 Gott-

258 946 405 981 waldto
419 972 428 989 ‚
450 945 577 981 Codex
599 944 727 992 operis
754 943 1005 980 al-Matmah
1019 970 1030 988 ‚
1054 945 1122 991 qui
1150 946 1189 980 in
1207 945 1415 992 magnifica
1440 945 1565 982 Musei
1589 944 1826 981 bibliotheca
1845 956 1928 980 ser-

256 1030 391 1068 vatur,
417 1024 467 1059 ad
482 1023 743 1070 Weijersium⁹
770 1025 900 1059 virum
924 1022 1314 1067 desideratissimum,
1341 1025 1690 1067 transmissus-est,
1714 1024 1784 1070 qui
1812 1024 1925 1059 illum

255 1104 353 1138 mihi
376 1102 564 1144 tradidit3
593 1102 823 1138 Doctissimo
852 1113 1008 1149 quoque
1037 1102 1245 1145 Moellero,
1271 1103 1340 1149 qui
1364 1102 1625 1149 complurium
1644 1101 1831 1138 Codicum
1854 1103 1933 1138 Go-

256 1183 464 1217 thanorum
495 1192 609 1217 usum
638 1181 934 1228 perhumaniter
962 1181 1058 1216 mihi
1094 1181 1294 1222 concessit;
1325 1180 1589 1217 Bibliothecae
1622 1180 1858 1217 Bodleianae
1889 1186 1929 1217 et

255 1260 381 1296 Musei
406 1259 624 1296 Britannici
644 1261 873 1308 praesectis,
896 1260 966 1307 qui
991 1270 1110 1307 quum
1135 1259 1175 1295 in
1197 1258 1337 1306 Angli&
1354 1259 1534 1306 degerem
1561 1258 1702 1295 studiis
1730 1260 1825 1296 meis
1847 1260 1928 1308 quei.

254 1343 437 1387 poterant
469 1339 670 1380 faverunt;
698 1340 963 1375 eruditissimo
988 1343 1025 1374 et
1047 1338 1280 1375 amicissimo
1313 1338 1361 1374 de
1387 1338 1616 1386 Grqangos,
1641 1339 1711 1386 qui
1737 1351 1813 1376 non
1840 1344 1927 1376 tan-

252 1424 337 1454 tum
361 1418 536 1465 plagulas
555 1418 714 1454 secundi
739 1418 946 1454 voluminis
974 1417 1232 1464 al-Maqqarii
1257 1418 1336 1459 sui,
1362 1428 1386 1452 a
1408 1417 1611 1464 typotheta
1634 1418 1710 1465 ipsi
1735 1418 1928 1461 traditas,

252 1498 303 1533 ad
332 1509 391 1532 me
419 1497 630 1533 transmitti
660 1498 831 1540 curavit,
863 1496 929 1532 sed
953 1496 1069 1531 etiam
1103 1498 1253 1532 summa
1280 1508 1370 1532 cum
1402 1496 1639 1533 liberalitate
1660 1507 1704 1534 ex
1734 1497 1929 1534 ditissima

253 1578 324 1611 sua
370 1575 607 1612 bibliotheca
640 1576 785 1612 multos
817 1575 977 1612 Codices
1008 1575 1193 1611 Arabicos
1228 1575 1324 1611 mihi
1353 1576 1640 1620 commodavit,
1678 1587 1776 1624 quos
1805 1587 1929 1623 quum

252 1655 404 1692 diutins
436 1666 554 1702 quam
582 1666 656 1702 par
688 1660 774 1691 erat
805 1655 1035 1698 retinerem,
1066 1654 1131 1689 ille
1161 1666 1239 1690 non
1265 1660 1419 1692 tantum
1444 1667 1522 1692 non
1553 1655 1731 1703 repetiit,
1756 1654 1822 1691 sed
1840 1666 1930 1692 cum

253 1735 396 1770 damno
422 1733 721 1770 utilissimorum
762 1734 883 1782 ipsius
914 1733 1137 1770 studiorum
1167 1733 1263 1772 mihi
1291 1735 1471 1782 permisit
1502 1741 1547 1770 ut
1576 1735 1766 1781 quamdiu
1793 1734 1928 1770 vellem

256 1814 305 1849 iis
329 1818 482 1857 uterer,
509 1813 578 1860 qui
597 1813 763 1859 denique
789 1814 913 1848 multa
938 1824 1065 1848 meum
1087 1812 1127 1848 in
1148 1824 1259 1848 usum
1278 1814 1318 1849 in
1337 1815 1455 1850 variis
1471 1813 1723 1850 Bibliothecis
1743 1812 1929 1859 AngHae,

254 1892 403 1928 Galliae
417 1897 454 1927 et
468 1892 678 1940 Hispaniae
700 1891 907 1939 descripsit
927 1892 1005 1927 sive
1026 1892 1233 1939 excerpsit;
1261 1891 1488 1929 Reverendo
1509 1893 1698 1935 Cureton‚
1722 1892 1846 1928 amico
1866 1892 1932 1927 ln-

253 1972 484 2018 tegcrrimo‚
508 1976 546 2006 et
569 1970 799 2007 Doctissimo
821 1970 1044 2014 Greenhill,
1075 1971 1144 2017 qui
1173 1971 1303 2007 varios
1327 1972 1433 2008 locos
1457 1982 1586 2008 meum
1611 1971 1653 2007 in
1683 1970 1929 2006 commodum

252 2061 341 2086 cum
361 2050 447 2086 aliis
462 2049 670 2086 Codicibus
686 2051 954 2092 contnlerunt3
968 2049 1218 2085 dilectissimo
1237 2049 1412 2094 Amario,
1429 2050 1540 2086 cuius
1558 2049 1748 2086 indefessa
1766 2050 1930 2096 diligen-

256 2129 313 2164 tia
342 2134 379 2163 et
405 2140 499 2175 erga
526 2140 586 2164 me
609 2130 780 2165 amicitia
801 2131 946 2165 factum
964 2134 1022 2164 est
1040 2134 1084 2164 ut
1100 2129 1252 2174 integra
1272 2129 1402 2174 capita
1429 2139 1514 2164 meo
1541 2129 1652 2175 operi
1678 2127 1816 2163 addita
1837 2129 1928 2165 sint.

257 2207 345 2243 Tibi
366 2207 553 2253 denique,
579 2207 822 2243 Nobilissime
843 2208 891 2242 cle
910 2207 1041 2242 Slane!
1063 2207 1212 2253 magnis
1229 2206 1462 2243 obstrictum
1491 2218 1551 2243 me
1575 2207 1698 2243 sentio
1716 2207 1930 2252 beneficiis,

256 2287 403 2332 qnippe
417 2286 480 2320 cui
500 2292 657 2332 praeter
670 2287 889 2332 complures
907 2285 1012 2321 locos
1027 2296 1124 2332 quos
1138 2284 1234 2320 mihi
1247 2285 1489 2331 descripsisti
1509 2286 1567 2322 vel
1583 2286 1928 2329 contulisti‚etiam

255 2366 329 2401 hoc
347 2365 505 2401 debeam
519 2365 626 2412 quod
643 2365 817 2400 nondum
837 2364 962 2400 editas
976 2364 1155 2412 plagulas
1175 2364 1284 2400 tertii
1297 2364 1504 2401 voluminis
1524 2365 1711 2402 versionis
1730 2369 1819 2401 tuae
1837 2365 1932 2402 lbn-
