2053 2969
105 1235 128 1261 p.
144 1222 210 1253 307.

902 140 1211 177 —342—

276 232 338 266 Sed
366 231 461 265 hodie
482 231 563 265 nihil
587 232 670 266 vides
698 239 729 265 et
753 231 834 265 nihil
862 235 974 268 scribis
994 241 1037 268 9¹.
1087 234 1222 268 Videsne
1253 234 1388 276 urbem,
1413 232 1573 278 sepulchri
1603 233 1724 274 instar,
1756 240 1786 268 te
1809 233 1900 268 abdi-

321 291 402 323 disse
421 291 477 323 92?

274 350 411 382 Videsne
445 356 475 382 te
502 360 574 381 cum
606 349 728 393 virgine
757 350 788 382 in
820 351 964 384 convivio
985 351 1121 396 nuptiali
1148 362 1233 390 esse,
1259 351 1345 391 sive,
1379 349 1639 395 quandoquidem
1660 351 1813 383 mentitus
1843 359 1900 390 es,·

319 409 515 452 irnpetumne
540 408 616 439 facit
639 408 670 438 in
693 414 723 440 te
748 408 826 441 leo?

273 465 403 498 Nemini
426 476 557 509 regnum
577 473 622 497 est
638 473 847 509 perpetuum,
873 472 904 499 et
926 478 1018 499 nemo
1042 467 1137 500 morti
1160 479 1191 500 se
1214 478 1374 511 opponere
1395 468 1518 511 potest!

273 525 343 557 Hoc
367 525 435 568 ipso
460 524 510 556 die
532 524 790 557 ·al-Mo='t'amidus
813 536 848 557 ex
877 525 955 557 urbe
977 525 1133 558 abductus
1153 533 1221 565 est,
1247 525 1301 558 sed
1320 525 1356 557 ad
1385 537 1457 558 eum
1478 526 1588 557 missae
1608 529 1679 556 sunt
1701 535 1806 557 omnes
1829 525 1896 556 eius

228 593 338 615 uxores
363 589 393 615 et
417 583 513 615 etiam
538 583 602 614 eius
631 584 804 626 propinqui
828 590 859 616 et
883 585 1020 627 cognati.
1071 583 1186 616 Omnes
1214 595 1326 618 navem
1355 583 1629 621 conscenderunt,
1657 589 1688 615 et
1718 583 1793 614 salvi
1814 593 1900 616 mare

230 642 421 673 traiecerunt
436 641 536 673 donec
550 642 692 673 venirent
710 641 748 673 ad
769 642 950 686 Principem
974 643 1196 675 Moslimorum
1215 649 1246 675 et
1269 642 1457 675 Adiutorem
1478 642 1651 686 Religionis
1665 666 1673 680 ,
1699 641 1896 684 Aba-Jfflqfi-

228 701 305 732 bum
329 700 476 732 Jfisofum
500 695 696 731 dha-Tasitia
713 724 721 738 ,
751 701 801 732 cui
826 701 909 733 Deus
934 701 1094 745 propitius
1117 702 1181 740 sit,
1207 702 1239 733 in
1259 702 1349 733 cuius
1366 701 1515 733 clientela
1533 700 1722 738 manebant,
1746 701 1901 742 cuiusque

231 760 350 792 summa
371 759 562 802 praestantia
583 758 791 797 fruebantur,
821 760 946 803 copiosa
966 759 1120 792 beneficia
1137 766 1167 792 et
1193 771 1304 802 magna
1330 759 1411 791 dona
1437 759 1648 802 accipienteS,
1669 757 1769 790 donec
1790 758 1821 789 in
1845 757 1901 789 illa

229 818 358 861 regione
381 816 616 849 ·al-Mo='t‘amidz'
646 818 713 849 dies
745 818 783 850 ad
813 817 907 849 finem
941 818 1162 861 pervenirent,
1192 824 1225 850 et
1251 830 1334 850 mors
1363 817 1400 849 ad
1426 829 1499 849 eum
1523 817 1644 848 veniret
1673 823 1742 860 post
1775 827 1901 860 gravem

229 876 377 908 morbum
398 876 452 919 qui
477 887 547 906 eum
578 883 797 919 occupaverat.
845 876 937 907 Diem
968 886 1148 919 supremum
1175 877 1254 909 obiit
1279 887 1384 908 mense
1408 876 1510 908 Rebi=z¹
1535 871 1560 907 Ii
1582 875 1656 906 anni
1686 875 1774 913 4883
1808 880 1898 906 natus

229 940 296 966 erat
319 945 425 966 mense
450 934 552 966 Rebrz·
571 929 595 964 Ii
614 935 687 966 anni
712 937 786 967 431.
836 934 952 966 Mirum
974 940 1005 966 et
1033 934 1212 966 inauditum
1235 941 1301 966 erat
1323 936 1355 967 in
1376 935 1443 967 eius
1463 934 1583 966 funeris
1611 933 1766 976 exsequiis
1789 943 1900 976 preca-

229 994 348 1024 tionem
367 1004 426 1036 pro
452 993 620 1036 peregrino
647 992 788 1024 habitam
819 993 933 1031 fuisse,
958 999 1028 1036 post
1049 1003 1190 1035 magnam
1216 993 1390 1035 potentiam
1414 995 1475 1036 qua
1497 993 1619 1036 gavisus
1643 997 1729 1029 erat,
1755 997 1785 1022 et
1808 1002 1897 1022 sum-

229 1062 312 1083 mam
335 1053 397 1094 qua
418 1051 538 1083 fructus
556 1057 622 1082 erat
642 1050 846 1093 dignitatem!
880 1050 1072 1082 Benedictus
1094 1051 1133 1082 sit
1162 1051 1216 1081 ille
1235 1052 1286 1081 cui
1312 1062 1444 1092 regnum
1466 1055 1512 1080 est
1543 1054 1727 1086 aeternum,
1751 1049 1898 1082 nobilitas

230 1114 262 1139 et
280 1108 484 1140 excellentia!
533 1107 702 1139 Nar-ratum
730 1114 775 1139 est
799 1107 878 1139 mihi
902 1119 973 1139 eum
989 1132 998 1146 ,
1024 1118 1122 1150 quum
1143 1106 1407 1138 animadverteret
1429 1117 1460 1138 se
1486 1107 1518 1137 in
1545 1117 1582 1137 eo
1610 1116 1675 1137 esse
1704 1112 1737 1136 ut
1759 1116 1899 1136 morere·-

232 1171 284 1196 tur
300 1189 308 1203 ‚
334 1171 517 1208 sequentem
538 1167 569 1197 in
590 1177 621 1197 se
643 1167 746 1209 ipsum
768 1165 902 1208 elegiam
922 1164 1152 1206 composuisse:

277 1221 302 1254 Ο
323 1222 525 1265 sepulchrum
547 1222 727 1264 peregrini,
759 1222 867 1264 pluvia
893 1227 923 1254 te
943 1221 1024 1264 riget
1050 1220 1149 1251 nubes
1177 1218 1356 1263 vespertina
1386 1225 1417 1251 et
1439 1219 1611 1251 matutina!
1655 1219 1730 1252 Iure
1762 1219 1898 1262 potitum

313 1291 344 1311 es
368 1279 518 1310 membris
541 1278 772 1311 'Ibn-Abbadz':

271 1336 361 1369 Illius
386 1337 440 1379 qui
462 1336 548 1367 hasta
575 1336 765 1373 confodere,
791 1334 893 1378 gladio
919 1340 1108 1377 percutere,
1134 1335 1246 1377 sagitta
1270 1334 1370 1366 iacere
1391 1335 1533 1366 solebatt
1561 1334 1645 1366 illius
1670 1334 1724 1377 qui
1744 1340 1899 1377 proventu

315 1395 477 1426 abundans
504 1401 570 1426 erat
590 1395 676 1438 regio
691 1419 698 1433 ‚
717 1395 740 1426 si
770 1393 912 1425 homines
934 1403 1076 1424 annonae
1097 1393 1207 1436 inopia
1226 1391 1425 1425 laborarent!
1452 1393 1537 1425 illius
1560 1393 1615 1437 qui
1639 1393 1763 1436 copiosa
1785 1393 1898 1435 rigatio

316 1459 382 1484 erat
407 1453 545 1484 sitienti!

272 1510 340 1542 Ita!
368 1511 427 1541 hoc
450 1510 524 1540 iusti
546 1508 623 1552 quid
648 1515 693 1541 est
724 1508 809 1552 quod
836 1509 935 1541 fatum
965 1509 1054 1540 affert
1076 1509 1209 1541 coelitus
1236 1509 1430 1547 demissum3
1468 1510 1556 1542 venit
1579 1508 1617 1542 ad
1646 1520 1697 1542 me
1728 1509 1899 1542 constituto

320 1576 462 1612 tempore
477 1569 484 1599 !

273 1627 333 1661 Sed
359 1634 431 1659 ante
455 1627 515 1658 hoc
534 1626 634 1658 visum
655 1626 806 1658 feretrum
831 1625 1007 1658 nesciebam
1025 1649 1034 1664 ,
1062 1631 1182 1657 montes
1205 1625 1367 1659 vacillanti
1389 1637 1493 1670 gressu
1515 1625 1661 1659 incedere
1680 1637 1772 1669 supra
1798 1626 1898 1667 (sere-

316 1686 369 1726 tri)
394 1686 476 1727 ligna
495 1693 537 1718 93.

272 1743 403 1787 Semper
428 1745 534 1788 itaque
560 1754 669 1787 preces
690 1742 726 1774 ad
748 1742 846 1774 Deum
868 1742 1051 1774 innumerae
1070 1740 1261 1774 descendant
1284 1753 1377 1786 supra
1400 1753 1471 1774 eum
1488 1742 1544 1786 qui
1565 1742 1597 1775 in
1617 1748 1647 1774 te
1667 1742 1807 1786 sepultus
1827 1741 1898 1774 est!

231 1894 280 1931 91)
313 1894 369 1922 Non
390 1895 482 1924 dubito
502 1897 566 1935 quin
581 1898 643 1944 aad
666 1897 710 1926 hic
734 1897 858 1936 signum,
880 1896 966 1935 qualia
986 1897 1018 1925 ab
1043 1897 1179 1936 astrologis
1206 1897 1394 1934 delineantur,
1425 1897 1541 1932 indicet;
1565 1907 1632 1937 quae
1659 1897 1818 1936 significatio
1836 1897 1897 1925 satis

307 1950 428 1976 notabilis
449 1954 494 1978 est.

230 2001 278 2036 92)
308 2004 424 2039 Spectat..
448 2005 475 2032 ni
495 2004 587 2039 fallor,
606 2008 681 2043 po'e'ta
700 2005 805 2033 oracula
823 2015 890 2044 quae
911 2002 1056 2042 astrologus
1074 2003 1201 2034 ediderat.

231 2055 278 2090 93)
312 2056 443 2084 Yocamrlo
463 2064 562 2086 monles
580 2059 753 2097 designantur
778 2060 836 2086 viri
852 2059 948 2086 eximii
969 2062 993 2085 et
1004 2062 1136 2094 polentes.
1180 2057 1278 2086 Vocab.
1301 2057 1382 2100 >5523
1407 2057 1460 2094 (pp.
1477 2056 1564 2094 ligna)
1585 2056 1686 2093 saepius
1696 2058 1833 2092 feretrum
1853 2055 1896 2084 in—

310 2122 394 2154 dicam
412 2124 447 2150 <ic
466 2124 534 2160 apud
552 2120 757 2163 'Iba-Caqanem
773 2125 959 2163 (·al-Qal‹iyid
978 2123 1035 2151 MS.
1050 2124 1080 2153 A.
1098 2125 1122 2152 I.
1142 2135 1169 2162 p.
1183 2124 1245 2159 96):
1268 2124 1363 2166 sobai
1386 2124 1455 2171 &js
1476 2110 1544 2173 &03
1558 2124 1666 2158 feretro
1687 2132 1734 2149 suo
1753 2123 1894 2159 impositus

311 2206 347 2230 est
401 2203 439 2229 (Ὺ.
464 2203 577 2231 Jnckson
600 2205 725 2232 Armant
747 2208 780 2241 os
802 2206 933 2234 Mar-occo
956 2216 981 2243 p.
999 2203 1072 2232 157:
1102 2215 1116 2231 »
1131 2204 1201 2240 They
1224 2204 1281 2232 first
1301 2203 1370 2231 wash
1395 2203 1414 2230 it
1437 2202 1492 2239 (the
1513 2203 1608 2240 body),
1631 2203 1694 2231 then
1722 2201 1760 2239 lay
1782 2202 1801 2230 it
1823 2212 1857 2230 on
1879 2212 1894 2230 a

314 2266 329 2282 2>
345 2257 419 2281 uwl
434 2267 449 2281 n
471 2261 550 2292 “J-try,
573 2257 681 2284 without
699 2268 748 2293 any
769 2260 859 2293 enssin,
881 2260 927 2287 but
945 2258 1056 2286 covered
1074 2258 1118 2286 wit
1135 2269 1148 2285 a
1169 2257 1268 2286 shroud
1288 2257 1316 2284 os
1333 2259 1420 2284 cotton
1437 2256 1527 2288 eloth:
1547 2258 1568 2284 it
1592 2257 1613 2285 is
1632 2257 1692 2285 thus
1709 2257 1777 2285 born
1804 2259 1831 2284 to
1848 2256 1894 2287 the

313 2319 328 2336 »
343 2319 421 2346 prava
446 2311 474 2344 lay
494 2310 553 2336 four
570 2319 630 2337 men
643 2331 650 2343 ,
673 2311 790 2338 followed
810 2313 841 2348 by
862 2312 905 2340 the
927 2312 1050 2340 relations
1068 2311 1119 2340 and
1139 2311 1239 2340 friends
1257 2311 1286 2340 of
1304 2311 1345 2339 the
1367 2310 1508 2339 deceased’
1527 2313 1591 2339 cael.
