2053 2969
842 212 1150 253 -13‘7—

153 317 269 351 ’ruisset
289 316 446 363 'palatium
470 324 562 360 quam
591 320 625 346 ut
656 325 708 346 eos
739 314 903 346 continere
936 317 1064 356 posset,
1090 316 1122 343 et
1140 334 1147 347 ,
1178 310 1216 342 iis
1244 309 1450 348 auctoribus,
1478 308 1556 351 (vini
1581 306 1691 350 instar)
1715 313 1830 350 purum

154 379 271 409 ‘fuisset
302 387 410 408 aevum
435 374 532 418 (quod
558 373 730 414 vivebant).
777 372 997 405 Convenerant
1028 369 1173 401 homines
1195 369 1226 400 in
1259 370 1395 411 utraque
1419 367 1558 399 fluminis
1586 366 1674 410 ripa,
1701 363 1830 405 lachry-

160 446 225 467 mas
252 433 484 476 (multitudine)
508 431 625 476 pluviis
649 430 812 462 matutinis
844 430 964 461 similes
986 427 1194 460 effundentes.
1242 427 1331 459 Tunc
1354 427 1440 469 regia
1464 424 1585 457 familia
1616 423 1750 467 patriam
1776 430 1830 452 re-

161 493 275 536 liquit,
307 491 437 536 planctu
464 501 516 522 eos
539 494 648 522 secuto
672 489 735 528 ³8¹,
772 495 804 521 et
834 488 982 520 tristitiae
1013 486 1268 518 manifestatione
1291 496 1343 516 eos
1364 496 1426 516 non
1450 483 1664 526 relinquente.
1712 479 1757 512 De
1784 478 1830 510 his

160 553 201 582 ait
225 548 529 583 'Ibno—'l-Labbana
552 546 617 579 382:

204 609 328 640 Deflent
357 606 463 645 coeli,
498 605 638 649 pluviam
667 605 878 648 vespertinam
909 610 941 636 et
970 603 1158 635 matutinam
1184 600 1402 639 effundentes,
1422 599 1604 644 principes,
1631 597 1716 629 omni
1742 596 1824 628 bono

248 665 428 710 praeditOS,
455 675 492 696 ex
516 663 763 696 ‘Abbadidarum
785 670 877 706 gente
893 687 900 701 ‚

203 725 324 757 Montes
344 734 482 768 quorum
505 721 708 754 fundamenta
739 722 844 753 diruta
865 728 959 761 sunt3
985 736 1026 744 -
1047 731 1109 763 ..per
1138 719 1194 750 hos
1216 719 1299 750 enim
1324 723 1449 750 tantum
1475 723 1556 748 terra
1586 720 1707 746 montes
1732 713 1830 744 habe·
1853 724 1875 751 p.
1901 713 1947 741 rat).

236 783 300 816 ¹hat
322 784 366 813 38³
380 808 390 823 ,
415 794 460 806 ..-

247 944 283 963 vs·
297 934 314 963 4
331 945 346 964 a
359 935 376 963 f.
420 935 547 964 Imitatur
562 935 651 964 autem
668 928 840 974 ‘Ibn-Caqan
859 934 1157 967 'Ihno-'l-Labbanam,
1179 931 1255 960 cuius
1276 929 1335 959 vide
1354 928 1488 968 sequentis
1508 926 1604 965 elegiae
1628 935 1663 954 VS.
1683 924 1723 954 20
1742 926 1831 962 (supra

240 988 268 1016 in
291 991 363 1018 textu
384 999 409 1027 p.
427 990 461 1018 61
485 1000 523 1018 vs.
541 989 582 1025 4).

161 1039 230 1077 381)
247 1041 286 1070 Cf.
305 1044 438 1081 sequentis
455 1042 728 1076 'Ibno-’l-Labbanae
749 1042 845 1081 elegiae
867 1052 975 1071 versum
995 1041 1033 1070 24
1053 1043 1144 1079 (supra
1162 1041 1190 1069 in
1209 1041 1281 1068 textu
1299 1048 1326 1076 p.
1344 1037 1378 1065 61
1403 1047 1440 1065 vs.
1458 1035 1498 1072 8).

153 1094 231 1130 ³³82)
250 1097 389 1134 Sequentis
403 1097 530 1126 carminis
547 1107 584 1125 vs,
599 1097 610 1124 1
623 1119 629 1132 ,
642 1097 675 1131 2,
690 1096 707 1124 4
719 1100 743 1124 et
756 1097 771 1124 5
790 1097 854 1125 citat
869 1096 948 1124 etiam
959 1091 1152 1124 'Ibno-'l-A't'ir
1168 1093 1236 1131 (MS.
1252 1092 1335 1121 Paris.
1350 1091 1394 1119 sol.
1411 1090 1466 1118 134
1480 1091 1570 1126 r.).—-
1580 1086 1659 1116 Haud
1674 1086 1767 1115 inutile
1783 1088 1834 1114 crit

250 1149 328 1177 huius
348 1151 474 1180 carminis
493 1150 674 1179 oeconomiam
696 1150 785 1187 paucis
804 1150 947 1178 declarare.
997 1150 1105 1178 Deflent
1125 1148 1205 1182 coeli,
1223 1146 1321 1184 pluvia
1342 1145 1438 1179 effusa,
1458 1143 1612 1172 Abbadidas
1634 1143 1680 1180 (vs.
1705 1142 1747 1178 l),
1771 1141 1833 1178 quia

251 1196 277 1230 fu
295 1207 403 1241 propter
420 1204 602 1232 fortitudinem
617 1204 750 1231 montibus
769 1206 845 1232 erant
856 1203 1035 1240 'comparandi
1053 1204 1100 1239 (vs.
1114 1202 1161 1237 2),
1179 1204 1289 1239 propter
1307 1198 1499 1227 humanitatem
1519 1197 1632 1225 collibus
1649 1195 1700 1224 illis
1717 1195 1834 1223 amoenis

251 1256 349 1294 quibus
373 1259 399 1285 in
423 1257 507 1285 hortis
523 1257 667 1296 gaudemus
690 1257 738 1293 (vs.
752 1256 801 1293 3);
827 1257 922 1293 repetit
938 1256 1012 1284 ‘hanc
1032 1255 1256 1293 comparationem
1277 1256 1368 1291 poeta,
1395 1252 1485 1280 dicens
1502 1250 1574 1279 illam
1597 1252 1704 1288 gentem
1726 1252 1835 1287 propter

252 1310 434 1338 fortitudinem
453 1310 575 1338 leonibus
598 1311 676 1338 fuisse
697 1309 811 1338 similem
832 1312 878 1345 (vs.
903 1309 950 1345 4),
974 1309 1066 1347 lemplo
1087 1309 1222 1340 Meccgno
1243 1310 1351 1344 propter
1377 1305 1540 1333 nobilitatem
1561 1306 1610 1338 (vs.
1631 1304 1672 1340 5).
1693 1319 1732 1325 —
1755 1303 1776 1330 A
1795 1312 1832 1330 vs.

250 1364 348 1391 13-10
368 1363 529 1401 conspicitur
549 1364 804 1402 imitatio-antiquae
826 1364 958 1403 Qacstlae,
980 1364 1009 1392 in
1028 1362 1078 1391 hoc
1095 1364 1166 1390 enim
1187 1360 1312 1389 carminis
1332 1368 1428 1398 genere
1449 1360 1543 1396 poeta,
1563 1360 1621 1394 post
1638 1356 1749 1395 longum
1768 1356 1830 1388 iter.

245 1417 353 1451 locuni,
375 1417 421 1445 ubi
444 1416 611 1455 praecedenti
630 1427 701 1445 anno
722 1417 820 1452 tribus,
847 1416 879 1445 ad
898 1427 978 1456 quam
1000 1420 1087 1444 amata
1103 1415 1189 1453 puella
1211 1414 1378 1452 pertinebat.
1401 1411 1552 1445 habitabat,
1575 1413 1705 1438 vastatum
1732 1411 1834 1438 invenit

252 1475 299 1507 (vs.
321 1470 427 1507 6—8);
446 1469 489 1498 hic
511 1474 647 1508 praeterea
667 1471 783 1508 equitem
804 1469 951 1505 allocutus,
969 1469 1034 1498 dicit
1057 1479 1119 1497 eum
1143 1479 1197 1497 non
1218 1472 1323 1496 tantum
1342 1467 1487 1505 pristinum
1513 1465 1601 1493 locum
1624 1474 1678 1492 non
1705 1464 1832 1492 inventu-

251 1534 313 1552 rum
326 1547 332 1558 ‚
356 1524 399 1552 sed
421 1523 458 1552 ibi
479 1523 564 1552 hostes
581 1524 717 1557 habitare;
737 1524 886 1552 Morfibitae
912 1524 984 1552 enim
1008 1533 1081 1552 nunc
1099 1522 1218 1560 Hispalin
1239 1522 1371 1551 tenebant.
1399 1536 1439 1542 —
1460 1520 1490 1548 A.
1511 1518 1682 1547 vs.11—16
1703 1520 1778 1555 poeta
1800 1516 1833 1544 de

251 1578 373 1606 fortunae
395 1578 495 1607 vicibus
518 1578 653 1617 loquitur,
674 1588 740 1616 quae
759 1588 833 1606 arma
849 1577 1051 1606 ‘Abbadidarum
1075 1579 1152 1605 antea
1173 1575 1257 1604 felicia
1280 1585 1353 1604 nunc
1375 1573 1489 1603 infelicia
1521 1571 1697 1602 reddiderunt
1716 1572 1764 1609 (VS.
1780 1570 1830 1603 ll.

254 1632 321 1669 123:
337 1632 424 1660 stellae
443 1632 586 1666 occidunt,
609 1631 685 1659 flores
706 1635 819 1669 pereunt
836 1634 884 1668 (vs.
904 1630 958 1664 14,
980 1631 1044 1667 15);
1062 1630 1083 1658 si
1103 1629 1258 1658 iAbbadidae
1281 1627 1395 1666 imperio
1413 1629 1476 1655 sunt
1498 1626 1610 1664 privati,
1635 1626 1715 1654 etiam
1735 1619 1837 1653 Cama-

248 1695 307 1713 rum
324 1685 518 1714 *Abbasidanm
539 1688 649 1723 potestas
669 1694 741 1713 nunc
758 1695 824 1713 vana
844 1685 941 1713 umbra
960 1687 996 1712 est
1017 1685 1063 1721 (vs.
1078 1683 1134 1719 16).
1146 1699 1187 1715 ψ-
1208 1684 1239 1711 Δ.
1258 1692 1293 1711 vs.
1311 1681 1346 1710 17
1365 1691 1447 1720 usque
1464 1680 1496 1709 ad
1516 1681 1597 1708 finem
1616 1679 1759 1713 carminis,
1778 1678 1836 1706 for-

251 1739 393 1767 titudinem
409 1739 610 1768 {Abbadidarum
628 1739 657 1766 in
677 1739 731 1767 suis
751 1738 937 1773 defendendis,
958 1748 1043 1776 quum
1061 1737 1204 1775 imperium
1222 1737 1275 1765 iam
1294 1735 1395 1764 labaret
1415 1737 1462 1772 (vs.
1479 1735 1542 1772 16),
1561 1733 1686 1763 mulieres
1704 1732 1802 1770 Hispali
1819 1742 1833 1759 a

251 1793 398 1821 victoribus
418 1793 526 1831 indigne
547 1795 669 1821 tractatas
687 1793 734 1828 (vs.
756 1793 808 1828 19,
831 1793 877 1831 qui
894 1792 990 1822 melius
1014 1800 1121 1820 versum
1145 1790 1217 1818 17ιιηὶ
1235 1790 1323 1818 statim
1345 1789 1505 1827 exciperet),
1526 1789 1679 1826 principum
1703 1789 1731 1817 in
1755 1798 1834 1816 naves

249 1846 459 1884 deportationem
477 1849 523 1884 (vs.
540 1847 605 1882 18),
626 1849 652 1874 et
669 1847 759 1885 populi
777 1846 897 1875 dolorem
916 1849 966 1883 (vs.
981 1846 1112 1882 21—25)
1132 1843 1274 1875 describit5
1297 1853 1371 1871 suam
1389 1853 1496 1881 quoque
1515 1842 1648 1870 tristitiam
1661 1863 1668 1875 ‚
1689 1846 1718 1871 ut
1735 1842 1763 1870 in
1780 1845 1833 1869 toto

237 1901 368 1929 *carmine
386 1901 422 1929 sic
444 1901 567 1938 inprimis
590 1910 628 1929 νε.
640 1900 679 1928 20
700 1911 847 1938 expressam
859 1923 865 1935 ,
884 1901 979 1929 ultimo
996 1909 1075 1929 versu
1093 1901 1213 1926 testatur.
1232 1913 1273 1919 —
1287 1897 1404 1925 Carmen
1427 1897 1454 1925 in
1472 1897 1530 1924 mea
1549 1896 1663 1925 editione
1684 1896 1830 1934 perfectum

251 1964 306 1982 non
323 1958 379 1987 est;
399 1954 592 1983 ·al-llIarraki·‘s²i
611 1955 672 1982 satis
696 1965 822 1993 magnum
844 1965 969 1983 versuum
988 1962 1133 1983 numerum
1160 1962 1191 1980 ex
1215 1961 1245 1979 eo
1261 1947 1418 1988 descripsit,
1442 1950 1488 1978 sed
1508 1954 1597 1979 tamen
1617 1949 1700 1978 addit:
1724 1960 1831 1978 carmen

249 2018 306 2036 esse
325 2007 432 2046 longum
450 2013 476 2036 et
494 2018 522 2036 se
540 2012 642 2035 tantum
660 2018 693 2036 ez
713 2009 760 2036 illo
780 2009 923 2037 nonnullos
942 2011 1036 2037 versas
1056 2007 1202 2045 selegissn
1223 2006 1252 2033 in
1270 2012 1360 2042 marg.
1381 2002 1454 2032 cod.
1471 2004 1503 2033 A.
1528 2004 1582 2032 aliz·
1599 2007 1701 2033 exstant
1719 2004 1830 2036 versus,

248 2062 294 2101 qui
316 2072 403 2100 neque
420 2061 453 2089 ab
473 2061 658 2100 'Ibu-Caqaue
676 2073 763 2100 neque
783 2063 817 2090 ab
837 2062 1048 2090 ·al-Marrakisio
1067 2060 1192 2098 descripti
1213 2062 1289 2092 sunt;
1306 2058 1355 2086 sed
1373 2058 1401 2086 hi
1423 2061 1551 2086 vetustate
1570 2057 1635 2087 adeo
1650 2060 1713 2087 sunt
1733 2057 1828 2086 oblite—

248 2116 298 2144 rati
316 2119 346 2144 ut
364 2116 420 2144 sine
436 2115 493 2143 aliis
510 2115 612 2144 auxiliis
632 2126 674 2144 eos
689 2116 767 2144 edere
778 2138 784 2150 ,
803 2117 831 2144 in
844 2115 999 2144 difficillimo
1016 2115 1095 2143 huius
1116 2114 1242 2151 temporis
1260 2115 1335 2151 poeta
1346 2134 1353 2148 ,
1371 2113 1432 2140 satis
1449 2111 1533 2141 audax
1550 2112 1618 2140 foret
1634 2121 1773 2140 conamen.
1791 2127 1831 2133 -

239 2167 316 2207 'Quid
334 2170 366 2198 de
386 2169 645 2203 ‘lbno-'l-Labbanfi
664 2171 739 2207 poet.)
759 2179 808 2207 ego
826 2178 962 2203 censeam,
983 2169 1082 2197 videbit
1098 2168 1181 2196 lector
1198 2168 1227 2196 in
1247 2165 1343 2195 ultimo
1362 2166 1441 2194 huius
1461 2165 1547 2204 operis
1560 2166 1658 2204 capite.

161 2224 228 2262 383)
248 2224 322 2265 &335
346 2223 390 2252 hic
416 2223 485 2252 idem
510 2224 638 2262 'exprimit
655 2224 726 2263 quod
753 2223 781 2251 in
802 2223 921 2261 praeced.
946 2222 1111 2251 hemistichio
1132 2222 1222 2261 ῥμῷ.
1274 2220 1418 2248 Caeterum
1446 2220 1575 2248 »montis
1597 2220 1706 2248 nomine
1732 2219 1831 2247 Arabes

247 2276 402 2316 »quidquid
421 2277 448 2305 in
470 2287 519 2305 suo
537 2287 634 2316 genere
655 2286 783 2316 magnum
805 2277 956 2315 elatumque
979 2280 1017 2305 est
1036 2274 1226 2314 significant,'‘
1249 2277 1280 2302 ut
1300 2274 1336 2302 ait
1357 2273 1398 2302 Cl.
1419 2273 1530 2311 Weijers
1549 2273 1624 2312 Spec.
1646 2283 1674 2311 p.
1692 2272 1754 2300 124.
1787 2271 1830 2312 Cs-

249 2330 311 2359 ibid.
338 2341 362 2369 p.
381 2330 430 2362 36:
459 2331 528 2360 infra
548 2332 575 2360 in
598 2332 621 2369 ἓ.
636 2330 665 2360 3.
683 2330 863 2368 ·al-Qalc’1yid
881 2331 939 2359 MS.
959 2331 990 2359 A.
1010 2341 1036 2369 p.
1054 2330 1112 2363 553
1135 2322 1329 2358 'Iba-Callicin
1342 2348 1349 2362 ‚
1372 2326 1411 2356 ed.
1433 2327 1613 2362 Wiistenfeld‚
1634 2326 1698 2355 VII.
1718 2336 1743 2364 p.
1762 2325 1821 2354 136

240 2383 298 2413 ‹fflc
314 2387 402 2413 autem
423 2384 624 2414 *Abbadidamm
644 2384 772 2414 fortitudo
788 2387 931 2423 spectatur.

1452 2432 1491 2462 ³8
