2053 2969
917 239 1225 279 ...17—

235 349 295 383 que
321 337 453 372 haberet
484 336 661 370 defensores
683 341 714 367 et
739 335 959 375 auxiliatores,
979 344 1010 370 et
1034 338 1137 381 quivis
1158 337 1252 369 turbo
1274 336 1341 369 eius
1367 342 1461 369 vento
1488 336 1612 369 obviam
1639 335 1781 370 veniret:
1805 336 1907 369 donec

233 408 305 429 eum
325 403 470 441 peterent
490 396 620 439 sagittae
639 405 675 426 ex
695 395 830 426 arcubus
849 407 1070 429 aerumnarum
1090 402 1119 420 12
1133 420 1140 434 ,
1161 403 1192 428 et
1212 395 1271 427 hae
1291 405 1460 427 aerumnae
1480 406 1552 427 eum
1578 395 1740 428 traderent
1762 396 1909 427 manibus

233 454 311 486 dure
337 455 455 498 agentis
475 465 568 498 quem
600 454 686 496 ipsae
708 452 914 486 adduxerant.
963 454 1052 486 Tunc
1078 466 1150 487 eum
1175 454 1333 485 continuit
1355 453 1578 497 sepulchrum,
1603 460 1633 486 et
1662 454 1776 485 celavit
1794 464 1865 485 eum
1890 465 1907 484 a

233 513 285 545 die
320 513 455 544 crastino
485 512 551 544 dies
577 511 740 543 hesternus
765 518 791 541 ¹3
807 536 814 550 ‚
839 519 872 544 ut
895 523 989 556 supra
1020 512 1087 545 fuse
1115 513 1324 556 explicuimus
1349 513 1379 543 in
1404 513 1470 544 eius
1494 513 1590 556 patris
1616 512 1759 545 historia.
1806 511 1909 555 Saepe

233 578 338 603 autem
361 569 626 603 ·al-M0='t‘amidus
650 581 721 602 eum
742 571 869 614 petebat
889 570 1135 614 reprehensione
1153 572 1230 607 sua,
1254 581 1391 613 eumque
1418 570 1478 601 sibi
1503 571 1686 614 sagittarum
1713 570 1910 613 obiurgatio-

233 630 282 661 nis
305 640 435 673 scopum
457 628 678 672 proponebat;
706 635 780 660 tunc
811 640 902 672 saepe
927 641 997 661 eum
1033 630 1094 662 sibi
1121 630 1296 673 propitium
1327 629 1457 660 reddere
1486 629 1631 661 studebat
1660 639 1823 666 sermone,
1846 639 1910 671 quo

234 688 332 731 magis
354 688 522 730 perspicue
545 686 575 718 id
595 687 680 729 quod
704 686 796 718 vellet
820 687 973 719 indicaret
995 699 1090 731 quam
1117 689 1162 720 vir
1184 688 1281 719 tristis
1303 687 1473 730 lachrymis
1498 689 1577 725 suis,
1598 695 1628 719 et
1651 688 1706 730 qui
1730 687 1792 718 sale
1815 697 1910 729 supe·

234 752 316 777 taret
339 757 453 788 aquam
491 745 522 775 in
548 745 640 775 terris
669 745 769 778 salsis.
815 745 943 777 Solebat
966 747 1050 778 enim
1082 746 1136 777 ille
1168 746 1259 788 quasi
1288 747 1319 777 in
1343 747 1423 777 serie
1449 745 1595 777 ordinare
1616 746 1745 776 uniones
1770 745 1912 788 collique

233 803 364 835 monilia
387 814 422 835 ex
444 802 585 833 mirificis
608 801 735 834 dicendi
767 803 956 846 generibus,
981 803 1054 835 talia
1079 804 1201 835 scilicet
1231 815 1311 847 quae
1339 803 1403 835 leni
1427 803 1521 835 modo
1544 815 1579 835 er
1603 804 1715 835 animis
1736 803 1908 835 educerent

235 862 343 893 odium
365 869 395 893 et
420 860 685 893 malevolentiam.
734 861 894 905 Descripsi
914 873 970 906 ego
993 874 1028 894 ex
1052 863 1120 894 eius
1141 863 1333 894 carminibus
1350 886 1357 900 ‚
1385 873 1464 905 quae
1490 862 1668 905 composuit
1689 872 1786 904 quum
1811 861 1910 892 tristis

235 926 314 952 esset
335 920 409 963 quia
440 920 542 962 ipsum
575 926 664 962 pater
692 919 961 963 reprehenderat,
988 932 1150 964 quumque
1174 921 1308 952 iniustae
1329 926 1430 952 essent
1450 923 1478 948 ¹4
1498 920 1567 951 eius
1588 920 1728 962 culpatio
1750 925 1779 950 et
1801 929 1911 962 repre-

236 977 346 1008 hensio
363 1001 370 1014 ,
395 977 466 1008 talia
489 988 568 1020 quae
589 989 647 1020 pro
673 979 760 1009 noris
783 985 813 1010 et
833 978 1041 1011 admiratione
1067 978 1169 1022 dignis
1197 979 1344 1016 habebis,
1377 989 1456 1021 quae
1480 978 1564 1020 apud
1590 989 1621 1009 se
1646 977 1813 1008 subsistere
1837 988 1912 1019 per-

235 1036 340 1067 mittet
369 1036 510 1073 animus,
537 1047 680 1079 quaeque
705 1043 863 1080 tamquam
885 1036 1062 1080 depositum
1088 1036 1269 1068 asservanda
1288 1037 1435 1079 accipiet.
1483 1036 1527 1067 Ex
1550 1035 1597 1066 his
1619 1043 1664 1067 est
1683 1046 1813 1078 sequens
1839 1046 1909 1066 car-

235 1105 307 1125 men
325 1112 369 1118 —-
390 1100 478 1136 pater
500 1100 604 1126 autem
629 1106 761 1127 munera
784 1094 961 1126 contulerat
986 1096 1017 1127 in
1049 1095 1164 1127 multos
1185 1106 1220 1126 ex
1243 1094 1310 1126 eius
1344 1093 1510 1130 fratribus,
1543 1094 1647 1136 ipsum
1672 1104 1745 1125 vero
1777 1104 1908 1126 munere

235 1151 414 1193 privaverat
435 1157 486 1189 ¹5;
509 1152 578 1183 illos
599 1153 659 1184 sibi
681 1153 839 1196 proximos
868 1152 1069 1191 reddiderat,
1091 1153 1192 1196 ipsum
1217 1152 1364 1195 abegerat
1382 1164 1445 1182 -ε

277 1208 328 1241 Ad
347 1215 377 1242 te
400 1209 548 1253 confugio
570 1210 694 1254 quando
721 1211 811 1242 nobis
836 1217 882 1242 est
904 1210 1077 1242 obscuritas
1096 1217 1177 1242 caet.
1208 1209 1246 1242 ¹⁶.

276 1267 422 1299 Narravit
455 1267 534 1300 mihi
556 1269 741 1300 ‘al-Moitazz
769 1268 922 1300 hiel-lah
942 1293 950 1307 ,
983 1276 1105 1312 patrem
1129 1267 1402 1300 *al-Moz't'amidum
1431 1278 1501 1299 enm
1532 1273 1692 1310 tamquam
1714 1269 1911 1312 praefectum

235 1316 359 1357 Silbam
377 1325 504 1367 (Silves)
526 1327 656 1358 misisse.
704 1327 820 1358 Fuerat
838 1333 942 1358 autem
963 1326 1041 1359 haec
1062 1328 1136 1358 urbs
1157 1326 1245 1358 locus
1266 1327 1296 1357 in
1319 1337 1381 1370 quo
1396 1325 1528 1358 iuvenili
1545 1331 1686 1368 tempore
1715 1327 1853 1359 ludendo
1878 1339 1911 1359 se

235 1382 467 1422 oblectaverat,
498 1390 529 1416 et
552 1385 606 1416 ubi
634 1384 774 1416 iucundo
803 1385 978 1417 amicorum
997 1385 1157 1417 consortio
1188 1384 1309 1415 fructus
1329 1391 1416 1419 erat,
1444 1383 1533 1415 cuius
1558 1389 1654 1415 terras
1678 1386 1910 1417 amoenissimas

234 1440 412 1473 adolescens
444 1440 664 1481 habitaverat,
695 1450 725 1476 et
756 1444 846 1475 cuius
876 1444 1019 1476 locorum
1053 1445 1328 1487 srequentatorum
1360 1444 1392 1474 in
1419 1442 1547 1474 somniis
1578 1442 1814 1477 recordabatur.
1863 1444 1912 1476 De

235 1498 294 1529 hac
319 1499 395 1531 urbe
417 1499 516 1538 dicit,
544 1501 812 1534 'Ibn-Ammfirum
837 1502 991 1534 allocutus
1012 1503 1066 1545 qui
1088 1503 1124 1534 ad
1149 1514 1217 1534 eam
1242 1501 1504 1546 proficiscebatur
1528 1506 1576 1534 ¹7:

280 1556 445 1598 Agedum!
469 1557 577 1590 Saluta
602 1559 669 1590 loca
691 1571 758 1591 mea
792 1551 921 1597 Silbae,
949 1572 966 1592 0
997 1561 1190 1593 Aba—Beer!
1225 1571 1362 1604 rogoque
1392 1570 1428 1592 ea.
1458 1571 1496 1591 an
1523 1560 1630 1593 foedus
1656 1560 1817 1593 amicitiae
1845 1560 1906 1598 sii,

327 1622 359 1645 ut
385 1622 472 1646 certo
493 1616 573 1647 scire
598 1616 678 1647 mihi
704 1616 834 1656 videon

281 1671 321 1703 Et
346 1672 476 1705 salutern
500 1673 551 1705 dic
581 1673 699 1717 palatio
731 1667 920 1718 ·aS⁷-Seragib
940 1688 956 1707 a
984 1684 1072 1720 parte
1098 1678 1238 1715 iuvenis,
1265 1678 1316 1709 cui
1349 1689 1472 1722 semper
1506 1678 1592 1710 illius
1617 1677 1728 1721 palatii
1751 1683 1797 1709 est
1819 1675 1908 1709 desi-

323 1730 465 1764 derium.

282 1788 350 1820 Hoc
370 1790 521 1832 palatium
533 1781 727 1832 'as-Seragib
750 1790 787 1822 ad
810 1802 967 1824 summum
991 1793 1243 1835 magnificentiae
1265 1800 1295 1824 et
1312 1794 1488 1836 splendoris
1510 1799 1695 1837 pervenerat
1710 1793 1879 1825 terminum
1899 1803 1908 1829 ;

238 1846 339 1878 simile
377 1854 442 1879 erat
487 1848 624 1891 inclytae
659 1849 756 1892 ‘lraqc'
793 1849 865 1881 urbi
902 1850 1070 1894 Bagdad03
1107 1852 1277 1883 currebant
1313 1853 1344 1884 in
1386 1864 1422 1884 eo
1463 1852 1585 1884 nobiles
1618 1853 1716 1895 ipsius
1757 1851 1911 1883 atriorum

242 2030 289 2064 12¹)
320 2031 357 2059 De
380 2041 441 2060 Voce
460 2032 580 2074 *Lo-5.
601 2035 628 2063 in
647 2035 715 2072 plur.
738 2034 872 2078 *n-'jhb’
890 2045 915 2064 v.
932 2045 1012 2073 snpra
1034 2046 1059 2072 p.
1078 2037 1132 2065 102
1153 2047 1214 2066 ann.
1232 2038 1323 2074 (154).

242 2083 290 2117 13)
318 2083 349 2112 ld
367 2088 415 2112 est:
436 2086 494 2114 dies
511 2087 666 2123 hesternus,
686 2099 738 2128 quo
758 2095 880 2117 mortuus
898 2094 936 2116 est
949 2110 956 2122 ,
978 2089 1087 2126 impedi!
1105 2092 1247 2128 quominus
1263 2092 1331 2118 diem
1350 2091 1499 2118 crastinam
1518 2092 1630 2119 videret.

245 2136 292 2174 14)
319 2137 352 2165 Ni
371 2138 461 2172 fallor,
485 2139 532 2167 10³
555 2141 630 2169 verbi
648 2145 716 2191 )L>
737 2143 823 2171 forma
849 2142 893 2171 hic
919 2141 1030 2170 eandem
1057 2146 1136 2180 alque
1166 2143 1193 2169 1ι
1217 2143 1295 2171 habet
1314 2146 1479 2180 potestatem.
1528 2144 1603 2180 Quod
1628 2144 1649 2172 si
1671 2144 1706 2172 ita
1728 2146 1781 2177 32,
1809 2142 1907 2171 Lexieo

323 2189 442 2219 addatur.

247 2254 294 2291 15)
321 2255 359 2284 De
380 2257 520 2294 phrasibus
543 2254 607 2290 LEX„
638 2245 732 2305 0523le
754 2267 779 2292 et
808 2254 873 2294 [ἐξιῇ
895 2245 976 2295 542⁰?
993 2263 1024 2290 cf.
1049 2272 1129 2299 supra
1155 2272 1182 2299 p.
1202 2261 1239 2290 25
1256 2272 1296 2300 sq.
1317 2272 1379 2290 ann.
1396 2262 1468 2298 (71).
1515 2263 1650 2302 Exemplis
1673 2264 1709 2292 ibi
1737 2264 1819 2293 citatis
1843 2262 1910 2292 adde

322 2318 402 2346 supra
422 2310 448 2338 in
465 2314 537 2339 textu
555 2322 579 2350 p.
597 2313 651 2341 173
671 2324 707 2343 vs.
723 2316 740 2344 9
763 2320 787 2344 et
803 2316 982 2349 -al-Mcztmak.
1002 2315 1057 2343 MS.
1079 2315 1124 2343 sol.
1138 2315 1176 2343 85
1189 2325 1228 2343 v.:
1250 2317 1357 2347 &aaut
1385 2318 1428 2357 Q)
1452 2316 1528 2349 QG>
1555 2332 1608 2365 σε
1631 2319 1766 2361 5043&-

249 2361 295 2396 16)
323 2362 380 2391 Hoc
400 2373 508 2393 carmen
529 2365 600 2394 iufra
621 2371 738 2396 vertetur
761 2370 806 2396 ubi
824 2369 856 2397 ad
875 2368 1109 2397 'Ibno—'l-Abbz'iri
1131 2369 1217 2397 locum
1235 2370 1444 2407 pervenerimus.

249 2415 296 2452 17)
325 2416 386 2445 Duo
401 2421 539 2456 sequentes
558 2422 648 2449 versus
664 2422 716 2451 iam
736 2431 817 2460 supra
835 2422 975 2452 babuimus
993 2422 1022 2452 in
1045 2423 1129 2452 textus
1151 2433 1178 2460 p.
1194 2422 1249 2457 30,
1267 2423 1395 2452 versionis
1412 2434 1439 2461 p.
1450 2423 1501 2453 83.
