2053 2969
943 246 1252 287 *370*

270 349 309 378 10
356 346 479 389 »Quasi
506 345 549 377 ibi
579 357 640 378 non
670 345 839 376 adfuissent
869 343 927 375 viri
956 345 1076 376 sincera
1098 345 1233 377 amicitia
1268 344 1450 381 coniunctI,
1477 343 1637 388 peregrini
1667 343 1711 376 ibi
1735 354 1796 377 non
1819 345 1942 377 obviarn

403 417 422 435 »
437 404 590 436 venissent
616 415 728 446 magno
754 402 917 433 hominurn
940 402 1068 440 coetui,
1092 404 1245 434 exereitus
1269 402 1422 436 exercitui
1446 403 1595 445 copioso;

355 462 483 502 »Quasi
507 461 538 492 in
561 467 589 493 te
618 461 649 504 [o
669 459 888 504 conseptuml]
914 461 1004 492 firmo
1026 460 1105 503 pede
1130 460 1296 505 multiplex
1323 472 1391 506 spes
1416 471 1478 493 non
1507 460 1660 493 diversata
1684 460 1810 498 suisset,
1846 473 1940 505 quam

399 531 420 550 »
436 519 571 561 hospitio
593 525 785 562 exceperunt
806 518 931 561 copiosa
959 518 1130 557 beneficia3

353 578 479 618 »Quasi
505 577 534 608 in
560 576 693 608 collibus
715 577 880 620 (palatium
904 577 1186 617 circumdantibus)
1213 575 1320 607 viridis
1340 587 1401 607 non
1425 575 1534 608 fuisset
1557 576 1686 615 hortus,
1710 588 1803 619 quem
1835 578 1941 620 putavi

399 636 471 667 »ab
495 636 581 674 ntis,
608 647 668 667 non
692 647 708 667 a
730 635 882 673 floribus,
906 634 1071 679 pulchram
1100 646 1185 666 suam
1215 634 1429 667 conditionem
1445 657 1454 672 ‚
1486 635 1547 677 qua
1573 635 1668 666 baltei
1690 636 1785 666 instar
1814 642 1941 667 ornatus

398 701 516 732 »erat‚
540 695 719 737 accepisse:

355 765 375 784 »
391 754 485 794 Quasi
500 753 545 784 ibi
567 764 629 784 non
653 753 762 784 molles
782 752 926 795 puellae,
952 753 1045 784 ramis
1068 752 1184 784 similes
1206 758 1236 783 et
1261 750 1412 782 inclinato
1437 761 1570 793 corpore
1592 749 1771 781 incedentes
1786 774 1793 788 ,
1817 750 1939 783 adfuis-

401 823 420 841 »
433 817 512 847 sent,
527 821 605 853 quae
618 811 764 854 amplecti
781 810 921 841 solebant
935 810 1089 842 fraxinum
1105 835 1112 848 ‚
1124 816 1301 854 protentam
1314 809 1458 840 manibus
1470 809 1620 852 virorum,
1634 808 1728 840 lorica
1741 808 1940 846 indutor-arm

359 870 486 910 »Quasi
511 870 555 900 ibi
574 880 635 900 non
667 868 806 900 undatim
833 879 964 911 expansa
988 868 1120 900 fuissent
1143 868 1252 900 vexilla
1270 892 1278 906 ,
1305 874 1335 899 et
1356 868 1560 899 irretivissent
1584 866 1679 909 pedes
1701 868 1803 899 avium
1830 868 1858 899 in
1880 869 1943 899 ailo

403 928 522 958 »coelo
543 927 710 958 volantium
727 938 734 964 ;

271 986 309 1016 15
357 997 377 1016 »
393 986 485 1027 Quasi
512 987 623 1018 natura
646 987 698 1016 sua
723 986 814 1027 longa
838 985 923 1016 hasta
946 995 1006 1015 non
1035 990 1103 1027 post
1131 995 1162 1016 se
1195 986 1334 1016 traxisset
1356 995 1446 1016 suum
1471 983 1718 1026 pedissequum.'

1723 987 1732 999 9

1780 984 1940 1027 Respondi

401 1055 477 1085 ego:
515 1044 683 1087 »Serpens
709 1050 834 1076 secutus
855 1049 901 1074 est
923 1043 1083 1074 lconcm.''

272 1101 307 1131 ln
332 1100 440 1132 eodem
466 1102 604 1133 carmine
624 1102 689 1134 ait:

356 1159 508 1202 Speratne
538 1159 776 1202 -al-Mox'vaijad‚
803 1170 838 1190 ex
869 1159 982 1190 Lat-mo
1006 1156 1181 1193 oriundus,
1212 1155 1378 1187 reditum?
1424 1156 1553 1197 Quoties
1582 1166 1649 1198 spes
1684 1155 1767 1187 felici
1799 1167 1942 1188 successu

399 1218 420 1248 si
432 1225 501 1249 ncta
518 1217 585 1250 est!

355 1275 457 1307 Tuum
491 1287 621 1318 regnum
654 1287 751 1318 quum
782 1275 1002 1317 reliquissem,
1029 1271 1140 1303 similis
1164 1282 1249 1303 eram
1279 1271 1410 1314 angelo,
1437 1276 1468 1303 ct
1492 1270 1602 1302 similis
1626 1270 1687 1303 iam
1716 1281 1782 1302 sum
1809 1271 1862 1303 tali
1888 1273 1943 1314 qui

398 1334 556 1365 tristitiam
581 1334 641 1377 qua
660 1333 831 1370 cruciaris,
855 1341 973 1363 cessare
991 1330 1099 1364 faciat.

358 1485 497 1512 maximam
522 1486 709 1513 auctoritatem
729 1493 852 1512 exercere
875 1482 1038 1518 solebamus,
1070 1492 1141 1510 nunc
1159 1482 1292 1521 dignitate
1317 1482 1411 1510 nostra
1431 1491 1550 1520 prorsus
1574 1491 1666 1510 sumus
1687 1483 1819 1520 private&
1851 1481 1941 1511 eodem

356 1537 426 1565 redit
442 1538 570 1566 sententia
589 1538 668 1566 huius
688 1539 779 1566 versus
797 1537 868 1565 noni.
889 1553 929 1559 —
948 1536 981 1565 In
1002 1535 1087 1564 tribus
1106 1535 1223 1564 versibus
1240 1535 1286 1574 qui
1305 1535 1349 1564 hic
1365 1535 1434 1574 apud
1451 1529 1685 1564 'Ibn-Callicanem
1703 1539 1869 1574 sequuntur,
1889 1537 1942 1565 ele-

359 1594 452 1628 ganter
471 1590 596 1619 describit
616 1593 691 1629 poeta
710 1590 803 1629 palatia
825 1590 956 1619 devastata
976 1590 1003 1618 in
1029 1589 1126 1628 quibus
1149 1592 1224 1618 antea
1243 1588 1397 1618 Abbadnlae
1418 1589 1617 1625 habitaverant,
1651 1593 1679 1618 ut
1704 1589 1798 1618 melius
1816 1590 1942 1619 carminis

356 1645 521 1682 propositum
538 1644 649 1679 celaret,
674 1648 700 1673 et
721 1645 771 1673 hoc
793 1644 873 1683 elegia
897 1644 1041 1673 videretur.
1083 1642 1158 1672 Idem
1178 1643 1318 1672 consilium
1334 1643 1454 1672 cernitur
1475 1643 1503 1671 in

1619 1693 1693 1719 ‘35⁰5

398 1711 451 1740 Vss
471 1711 595 1740 10-15,
638 1711 669 1740 In
689 1722 726 1740 vs.
743 1712 774 1739 11
799 1711 1028 1740 animadvertatur
1049 1709 1158 1749 pluralis
1178 1710 1221 1739 illa
1245 1710 1334 1738 forma
1353 1710 1472 1751 WQB,
1494 1720 1508 1738 a
1526 1720 1589 1739 voce
1610 1726 1696 1743 Μ
1717 1710 1851 1743 derivata,
1874 1720 1941 1749 qnae

354 1779 382 1807 in
405 1779 502 1807 Lesico
523 1777 698 1807 desideratur.
749 1779 837 1807 Etiam
863 1779 932 1817 plur.
954 1777 1026 1828 μω
1049 1788 1063 1806 a
1084 1778 1151 1816 sing.
1173 1765 1236 1828 {til
1257 1777 1355 1806 Lexico
1375 1781 1412 1806 est
1432 1777 1490 1807 add.
1545 1778 1578 1807 In
1606 1788 1643 1806 vs.
1664 1778 1700 1806 12
1721 1787 1799 1815 pron.
1825 1777 1891 1806 fem.
1915 1778 1941 1805 in

354 1833 423 1879 1914)
450 1835 548 1869 spectat
566 1832 598 1860 ad
614 1844 702 1878 μμ»
732 1832 846 1870 (palatia)
879 1832 952 1871 quod
980 1832 1099 1861 occurrit
1123 1832 1152 1860 in
1183 1841 1261 1861 versu
1291 1832 1324 1860 ab
1349 1826 1559 1861 'Iba-Gallicane
1589 1842 1616 1870 p.
1650 1831 1704 1860 138
1737 1840 1775 1859 vs·
1805 1830 1855 1867 3),
1889 1840 1942 1858 non

352 1896 414 1914 vero
437 1886 468 1914 ab
494 1886 708 1921 'Iba-Bassamo,
730 1886 871 1924 descripto.
919 1886 952 1914 In
974 1896 1010 1914 vs.
1037 1885 1072 1914 13
1100 1886 1228 1933 0),ρρύὶ
1262 1886 1355 1923 (rami)
1377 1889 1440 1914 sunt
1463 1885 1573 1923 puellae
1600 1886 1684 1913 ramis
1716 1884 1839 1916 similem.-
1868 1884 1944 1912 solita

355 1939 524 1977 metnphora3
548 1944 637 1982 *sti-⁵⁵>
651 1960 658 1972 .
682 1943 710 1968 ut
725 1941 866 1978 fraxinus
882 1939 951 1978 apud
973 1940 1097 1973 Latinos,
1121 1943 1178 1968 tum
1197 1940 1320 1968 arborem
1335 1939 1437 1978 ipsam,
1458 1943 1514 1967 tum
1536 1939 1636 1967 hastam
1656 1949 1687 1967 ex
1709 1939 1764 1966 eius
1783 1938 1856 1976 ligno
1874 1948 1942 1966 con-

350 1992 444 2021 sectam
460 1978 595 2032 designss‘im
617 1993 660 2023 hic
683 1994 782 2023 iterum
801 1997 840 2023 est
862 1993 1016 2031 metaphora
1036 1996 1061 2021 et
1078 1996 1152 2030 poeta
1172 1993 1312 2021 membrum
1334 1993 1416 2021 virile
1436 1996 1549 2030 spectat,
1571 2002 1633 2020 narn
1653 1992 1690 2020 sic
1712 2001 1818 2020 versum
1838 1990 1938 2019 intelli-

351 2046 466 2085 gendum
483 2057 536 2075 esse
553 2047 595 2075 vix
609 2046 722 2076 dubium
741 2057 792 2076 esse
811 2050 902 2086 potest.
945 2046 986 2075 Au
999 2046 1026 2074 in
1043 2055 1080 2073 vs·
1101 2046 1136 2074 15
1158 2045 1227 2074 istud
1249 2047 1324 2077 &Li-'3
1346 2049 1417 2074 recte
1444 2055 1499 2074 sese
1524 2045 1632 2079 habeat,
1657 2044 1767 2077 dubito:
1792 2044 1813 2072 si
1843 2054 1937 2073 sanum

354 2100 402 2134 sit,
422 2101 551 2129 sententia
568 2100 632 2129 haec
651 2100 771 2130 videtur:
795 2101 883 2128 hastis
901 2101 962 2128 suis
981 2099 1137 2128 Abbadzdae
1154 2109 1257 2137 semper
1277 2100 1308 2128 id
1324 2101 1485 2137 effecerunt,
1506 2103 1535 2126 ut
1555 2107 1669 2135 magnus
1684 2107 1823 2125 servorum
1849 2107 1941 2125 ‘'ttame-

356 2163 405 2181 νας
426 2163 469 2181 eos
489 2159 656 2193 sequeretur.
708 2154 862 2192 Respondet
888 2163 962 2182 nunc
985 2152 1243 2186 'Ibno-'l-Labbana
1266 2152 1348 2181 nobili
1372 2161 1420 2181 suo
1441 2152 1541 2180 amico:
1576 2150 1669 2186 Jasof,
1690 2150 1806 2189 serpenti
1831 2151 1939 2186 similis,

355 2207 408 2235 iam
426 2206 514 2235 locum
535 2207 611 2236 illum
631 2210 785 2246 occupavit,
808 2217 889 2247 quem
911 2209 1032 2235 tenuerat
1045 2205 1249 2240 ·al-Mo=famid,
1273 2206 1314 2233 vir
1335 2205 1405 2233 leoni
1426 2205 1529 2234 similis.

399 2259 440 2288 Vs.
459 2259 503 2288 16.
544 2261 668 2298 Exposita
687 2261 861 2299 patriciorum
880 2261 1059 2298 Hispanorum
1086 2258 1218 2297 cogitandi
1239 2259 1356 2292 ratione,
1378 2262 1453 2297 poeta
1475 2259 1588 2287 affirmat
1607 2258 1660 2287 iam
1681 2259 1825 2288 maximam
1850 2259 1938 2288 adesse

361 2322 465 2342 eausam
487 2323 537 2342 cur
551 2313 737 2342 ·al-Mo2‘t'amid
756 2314 872 2343 reditum
890 2323 996 2352 sperare
1015 2312 1110 2350 possit,
1133 2315 1158 2340 et
1177 2312 1205 2340 in

411 2365 458 2394 Vs.
490 2366 523 2394 17
555 2365 642 2401 dicit,
672 2376 699 2395 se
729 2367 813 2406 angeli
838 2368 939 2400 instar,
971 2367 1068 2395 laetum
1093 2366 1218 2394 nuntium
1254 2366 1406 2401 afferentis,
1433 2366 1588 2404 Hispaniam
1608 2365 1766 2405 {reliquissffi
1791 2370 1821 2395 ut
1849 2366 1880 2394 de
1909 2367 1940 2394 iis

362 2430 429 2459 quae
451 2419 577 2458 principis
598 2420 676 2450 amici
701 2421 739 2450 ibi
757 2421 950 2457 moliebantur,
979 2420 1051 2449 hunc
1073 2420 1212 2449 certiorem
1233 2419 1349 2460 facerem
1372 2419 1417 2449 sed
1435 2421 1523 2450 verbis
1544 2420 1630 2449 utitur
1650 2430 1730 2459 quam
1755 2421 1870 2450 maxime
1889 2420 1939 2448 ob-
