2053 2969
940 191 1249 231 —382-

658 503 974 548 CAPUT
1048 505 1532 559 QUARTUM.

835 599 1368 635 L001²1MRDO-·D-D1NJ.

431 720 494 756 (Et
513 729 590 760 opere
607 721 653 752 cui
670 720 786 751 titulus:
808 714 940 757 Carida't'o
958 722 1056 763 'l-qagtr
1073 722 1238 763 wagaridatsso
1256 721 1317 754 ·ahli
1334 723 1437 764 'l-=a9r,
1460 723 1558 754 Codice
1577 721 1762 753 Bibliothecae

931 776 1039 815 Regiae
1060 778 1258 815 parisiensis).

305 962 577 998 Introductionem
594 990 601 1003 ‚
627 976 708 1010 quae
739 963 814 997 huic
839 964 936 1009 capiti
968 966 1246 1009 praemitteretur,
1271 968 1335 999 sive
1366 966 1581 1000 brevissimam
1606 967 1669 999 sive
1687 966 1933 1010 copiosissimam

261 1031 327 1054 esse
345 1024 521 1066 opportuit.
568 1024 696 1057 Etenim
718 1024 782 1056 vita
800 1023 1213 1057 εΙιηᾱάο-ὀΖ-ἀῑιήἐιΙ-οῡϊίΙ)
1236 1032 1298 1058 tam
1318 1026 1387 1058 fuse
1407 1026 1547 1069 exposita
1566 1031 1611 1057 est
1630 1025 1669 1057 ab
1688 1020 1935 1057 'lbn-Callicane

261 1079 327 1120 (ed.
352 1080 557 1113 W‘iistenfeld
573 1106 581 1119 ‚
605 1082 693 1115 Fasc.
716 1082 806 1115 VIII.
841 1092 875 1125 p.
905 1083 1049 1123 66-70)
1067 1106 1074 1120 ‚
1101 1082 1261 1126 praeclara
1294 1093 1375 1125 quae
1403 1083 1528 1125 scripsit
1557 1093 1651 1125 opera
1674 1082 1845 1124 Europaeis
1871 1083 1932 1114 iam

259 1143 425 1181 tantopere
451 1140 679 1178 innotuerunt,
706 1147 740 1172 ut
770 1138 848 1172 milii
877 1138 916 1172 de
944 1139 992 1171 his
1028 1146 1082 1171 aut
1111 1140 1279 1171 tacendum
1304 1145 1407 1177 esset,
1438 1145 1492 1170 aut
1516 1149 1611 1182 quam
1641 1140 1872 1171 accuratissime
1902 1141 1933 1171 in

257 1196 396 1227 auctoris
426 1197 524 1229 vitam
546 1197 772 1240 inquirendum
790 1222 796 1235 ,
824 1200 884 1230 iarn
909 1199 990 1230 notis
1012 1208 1089 1232 nova
1111 1202 1142 1228 et
1160 1196 1300 1228 nondum
1320 1196 1447 1240 cognita
1469 1194 1613 1228 addenda
1634 1201 1665 1228 et
1685 1196 1725 1228 de
1748 1197 1843 1228 variis
1869 1197 1934 1229 eius

259 1264 391 1295 operum
420 1253 591 1286 Codicibus
618 1256 660 1286 ita
685 1254 935 1298 disputandum,
961 1261 997 1287 ut
1023 1255 1151 1298 quinam
1181 1254 1213 1286 in
1242 1254 1371 1286 diversis
1397 1255 1544 1298 Europae
1576 1251 1778 1286 bibliothecis
1808 1266 1934 1287 serven·

259 1317 310 1342 tur
331 1317 363 1343 et
382 1310 459 1355 quid
483 1313 686 1350 contineant,
712 1312 892 1346 luculenter
913 1318 1090 1357 appareret.
1140 1312 1244 1345 Labor
1271 1311 1355 1344 haud
1378 1313 1419 1345 ita
1444 1312 1567 1351 facilis,
1589 1312 1641 1344 sed
1667 1312 1733 1345 sine
1753 1312 1850 1345 dubio
1871 1314 1938 1345 uti·

257 1369 297 1399 lis
312 1393 320 1407 ,
346 1380 440 1413 quein
459 1375 563 1402 tamen
586 1371 753 1414 quominus
777 1382 862 1403 nunc
882 1372 993 1404 saltem
1016 1370 1208 1414 susciperem
1239 1377 1286 1403 sat
1314 1382 1420 1414 graves
1444 1376 1612 1403 vetuerunt
1634 1381 1758 1404 causae.
1805 1371 1934 1404 Etenim

257 1429 330 1460 satis
348 1439 477 1471 magnus
503 1430 547 1460 sic
579 1436 750 1473 occupatus
778 1429 887 1462 suisset
908 1430 1093 1474 paginarum
1116 1439 1286 1468 nurnerus3
1313 1440 1407 1472 quam
1427 1429 1558 1473 quidem
1586 1440 1652 1462 rem
1677 1430 1702 1460 si
1721 1429 1824 1461 minus
1855 1439 1931 1462 curo

259 1486 315 1516 ubi
339 1486 377 1518 de
408 1487 561 1530 scriptore
584 1487 725 1530 Hispano
747 1488 795 1521 vel
823 1489 902 1521 Asso
924 1487 1144 1532 exponendum
1167 1494 1238 1526 est,
1264 1487 1432 1520 consilium
1456 1493 1561 1520 tamen
1590 1498 1696 1519 meum
1727 1499 1789 1519 non
1811 1488 1934 1531 patitur

260 1550 295 1574 ut
314 1544 346 1575 in
367 1544 428 1575 hoc
446 1543 530 1576 libro
545 1543 717 1578 identidem
739 1545 807 1578 fuse
827 1546 867 1578 de
889 1546 1106 1580 Orientalibus
1131 1557 1284 1590 exponam
1303 1546 1512 1590 scriptoribus
1526 1570 1535 1584 ,
1558 1545 1817 1590 quandoquidem
1838 1547 1932 1578 unice

259 1601 359 1633 literis
386 1602 529 1635 Arabicis
562 1602 816 1636 occidentalibus
846 1604 1042 1637 illustrandis
1077 1604 1228 1636 inservire
1255 1603 1363 1637 debet.
1412 1605 1575 1636 Praeterea
1600 1614 1698 1648 quum
1732 1604 1785 1636 hic
1818 1604 1933 1637 Leidae

260 1659 411 1691 nonnulla
437 1660 594 1692 volumina
612 1658 828 1700 -al-Carzdge
859 1662 1095 1707 possideamus,
1121 1673 1285 1706 quumque
1309 1663 1342 1694 in
1367 1662 1528 1704 W'eijersii
1553 1660 1670 1694 chartis
1693 1663 1851 1707 copiosam
1870 1662 1934 1694 ho-

258 1727 328 1748 rum
353 1717 601 1762 descriptionem
622 1720 795 1753 invenerim
811 1743 820 1759 ‚
847 1731 941 1764 quem
964 1731 1045 1753 novo
1074 1727 1182 1752 nostro
1212 1720 1362 1763 Catalogo
1387 1721 1522 1752 inserere
1549 1719 1750 1753 utilissimum
1777 1722 1862 1759 erit,
1886 1722 1932 1752 ibi

260 1785 322 1805 nno
345 1781 451 1808 tenore
472 1777 583 1809 offerre
614 1788 694 1821 quae
727 1777 766 1811 de
796 1778 929 1822 reliquis
957 1780 1013 1823 qui
1044 1780 1075 1811 in
1102 1779 1232 1822 Europa
1258 1784 1379 1811 exstant
1412 1777 1584 1811 Codicibus
1607 1778 1780 1810 enarranda
1804 1777 1907 1811 habeo
1924 1803 1931 1816 ‚

259 1832 350 1875 longe
378 1840 535 1876 praestare
558 1834 731 1867 arbitratus
754 1846 834 1870 sum.
883 1836 1012 1870 Monere
1040 1837 1147 1881 itaque
1178 1837 1313 1869 sufficiat
1340 1843 1505 1880 sequentes
1528 1842 1589 1868 tres
1611 1835 1824 1880 paragraphos
1854 1835 1934 1868 mihi

259 1901 293 1921 ex·
315 1890 432 1923 Codice
460 1892 546 1927 Bibl.
575 1893 691 1937 Regiae
714 1895 899 1927 Parisiensis
926 1896 1010 1927 1375
1040 1894 1240 1939 descripsisse
1264 1895 1484 1927 doctissimum
1505 1900 1536 1927 et
1557 1894 1783 1926 amicissimum
1804 1893 1933 1932 Amari,

261 1957 290 1979 et
316 1949 452 1982 Londini
484 1951 515 1982 in
551 1951 658 1984 Museo
685 1952 869 1985 Britannico
893 1952 980 1985 aliud
1009 1953 1150 1986 eiusdem
1178 1953 1347 1986 voluminis
1373 1948 1594 1990 al-Carzdsse
1617 1952 1776 1994 exemplar
1814 1958 1933 1984 exstare

263 2009 325 2046 (n0.
340 2009 438 2047 7593)
455 2032 463 2046 ‚
489 2008 528 2040 de
547 2019 608 2051 quo
632 2010 694 2052 egit
719 2009 768 2044 cl.
786 2009 892 2043 Ewald
919 2011 964 2052 (in
983 2010 1195 2053 Zez'lscltrist
1208 2012 1281 2053 fiir
1303 2011 1360 2042 die
1376 2010 1499 2042 Kunde
1517 2010 1577 2041 des
1598 2008 1870 2052 stlorgenlandes
1885 2010 1931 2042 11.

261 2076 295 2107 p.
309 2066 372 2096 200
391 2067 467 2108 sq.).
514 2067 580 2098 Iam
602 2066 656 2098 diu
679 2074 724 2099 est
744 2078 780 2100 ex
801 2078 864 2111 quo
890 2067 974 2101 locos
997 2069 1188 2107 nonnullos,
1214 2068 1270 2112 qui
1293 2067 1374 2100 mihi
1397 2067 1487 2099 dubii
1508 2067 1555 2099 vel
1576 2066 1700 2098 obscuri
1720 2066 1931 2106 videbantur,

262 2123 298 2153 ad
326 2123 438 2156 Rever.
467 2122 606 2156 Cureton
638 2125 733 2163 misi,
768 2136 905 2170 eumque
935 2127 1042 2169 rogavi
1073 2132 1108 2157 ut
1136 2135 1188 2158 eos
1222 2135 1295 2158 cum
1327 2124 1446 2158 Codice
1474 2123 1530 2156 illo
1560 2123 1754 2157 Londinensi
1787 2125 1933 2160 conferre

264 2180 372 2213 vellet.
422 2179 481 2213 Cui
496 2188 576 2228 'voto
600 2193 697 2225 quum
721 2183 812 2215 solita
836 2183 1032 2216 humanitate
1062 2185 1168 2216 statim
1199 2183 1418 2222 satisfecisset,
1441 2181 1648 2215 animadverti
1673 2188 1777 2215 tamen
1801 2193 1934 2227 perpar-

263 2248 332 2269 vam
356 2238 402 2269 vel
431 2238 550 2270 nullam
577 2238 745 2272 utilitatem
770 2241 851 2274 mihi
876 2241 1044 2275 allaturum
1077 2242 1144 2274 fore
1170 2240 1260 2273 illum
1286 2240 1435 2274 Codicem
1451 2263 1459 2278 ,
1494 2240 1612 2283 quippe
1635 2240 1667 2272 in
1696 2240 1844 2273 omnibus
1866 2241 1934 2274 fere

266 2304 339 2325 cum
362 2294 526 2327 Parisiensi
557 2297 802 2339 conspirantem.
848 2297 1062 2332 Nihilominus
1096 2300 1162 2342 ipse
1191 2298 1303 2331 deinde
1340 2298 1476 2331 Londini
1508 2296 1657 2330 Codicem
1687 2299 1870 2342 exploravi,
1894 2306 1932 2332 *et

266 2359 352 2382 certo
373 2362 454 2383 nunc
480 2352 588 2385 lectori
613 2353 767 2389 affirmare
796 2367 921 2400 possum
937 2381 947 2395 ‚
969 2368 1040 2391 eum
1072 2357 1104 2388 in
1129 2355 1259 2390 Oriente
1289 2356 1484 2400 descriptum
1508 2366 1572 2389 esse
1594 2366 1629 2389 ex
1655 2355 1710 2390 illo
1738 2357 1854 2391 Codice
1877 2359 1929 2401 qui
