2053 2969
124 1530 149 1558 p.
164 1518 231 1548 394.

916 136 1225 174 -412—

276 236 316 268 Et
336 240 502 278 postquam
530 243 620 264 mane
640 231 763 264 obviam
792 242 973 264 veneramus
997 231 1027 262 85
1051 239 1133 267 caet.

231 294 268 326 In
292 293 407 336 quibus
434 297 618 335 sequentem
647 300 770 321 versum
793 290 934 321 imitatus
956 296 1023 322 est:

278 351 365 384 Flevi
385 351 567 393 sanguinem
588 349 618 372 8⁶
642 355 722 380 caet.

234 410 278 442 Ex
298 411 364 441 eius
383 409 469 452 poesi
492 408 522 439 in
546 408 606 450 qua
626 407 709 437 varia
733 405 906 443 describit,
929 412 959 438 et
982 417 1017 438 ex
1042 406 1079 438 iis
1099 417 1179 450 quae
1199 406 1360 450 ingeniose
1380 404 1459 437 dixit
1478 411 1549 437 sunt
1575 408 1751 450 sequentia.
1797 409 1900 444 Dixit:

280 469 379 509 Quam
405 466 537 509 pulcher
559 473 605 498 est
631 466 784 510 pincerna
809 465 838 494 87
863 472 945 497 caet.

234 527 319 559 Diiit
344 527 438 557 etiam
462 525 513 557 885

280 586 397 618 Stellae
421 586 516 616 instar
537 583 702 626 apparuit,
726 581 938 625 fragrantibus
959 580 1154 613 odoramenti
1176 578 1345 616 odoribus,
1370 580 1401 611 in
1421 590 1514 612 cursu
1543 592 1573 613 se
1595 583 1746 614 extollens
1763 608 1770 621 ,
1793 585 1904 627 gracili

326 645 445 676 statura
467 641 639 685 praeditus.

284 703 413 744 Quoties
432 701 510 732 mihi
530 699 681 731 bibendas
702 698 848 743 praebuit
870 709 924 741 per
950 704 1075 730 noctem
1098 709 1193 741 quam
1221 697 1353 729 maxime
1376 697 1542 730 obscuram
1567 709 1650 730 rosas
1674 699 1858 742 liquefactas
1881 703 1911 733 in

329 761 411 803 aqua
435 757 597 801 congelata
618 757 659 789 89.

241 819 372 862 Saepius
386 821 497 861 poetae
517 816 598 847 hanc
618 815 719 846 ideam
733 821 952 858 expresserunt
968 839 975 852 ‚
990 821 1019 846 et
1034 815 1124 845 variis
1141 813 1241 845 modis
1256 814 1371 845 imitati
1383 821 1454 846 sunt
1474 814 1594 847 dictum
1606 816 1911 850 ·1bn0-⁹1-.t[0=·t'azzs:

288 878 383 908 vides
405 877 436 908 in
465 875 612 907 eubiculo
635 874 769 905 feminae
794 884 874 915 quae
893 875 1000 904 vinum
1021 873 1127 904 vendit
1151 879 1182 903 et
1209 883 1289 915 quae
1309 871 1347 903 ad
1378 873 1458 904 silias
1483 873 1645 916 Magorum
1667 876 1826 917 pertinet,
1847 888 1913 908 ma-

332 947 424 979 gnam
452 934 514 965 vini
534 934 642 964 seriam
659 958 665 969 ‚
692 938 867 974 surgentem
891 931 1012 962 lancem
1034 931 1202 962 habentem
1221 943 1228 969 ;

288 995 353 1027 Nos
368 993 504 1025 feminae
522 993 572 1023 isti
587 991 828 1034 ponderavimus
847 1001 958 1021 aurum
978 990 1195 1032 congelatum,
1221 996 1251 1020 at
1266 989 1319 1020 illa
1334 989 1425 1020 nobis
1444 999 1547 1020 mensa
1568 996 1613 1020 est
1633 1001 1742 1022 aurum
1761 992 1911 1025 ssuensvo,

289 1054 334 1084 Ex
360 1053 395 1083 iis
421 1062 499 1094 quae
524 1062 580 1094 ego
607 1050 666 1081 hac
688 1049 727 1081 de
750 1061 782 1080 re
801 1049 962 1092 composui
990 1054 1062 1078 sunt
1081 1052 1246 1089 sequentes
1265 1048 1371 1077 versus
1397 1057 1431 1078 ex
1456 1047 1543 1078 brevi
1565 1049 1703 1080 carmine
1724 1050 1807 1091 quod
1827 1051 1912 1093 Bag-

246 1111 321 1142 dadz'
345 1111 474 1153 scripsi:

292 1171 373 1201 Bene
397 1167 552 1199 custodiat
576 1167 658 1198 Deus
676 1177 784 1197 aevum
808 1166 838 1196 in
864 1176 927 1207 quo
956 1164 1020 1194 vini
1040 1169 1066 1193 9ι
1092 1162 1223 1205 sagittae
1244 1172 1375 1205 scopum
1404 1162 1586 1204 attingunt,
1619 1169 1649 1193 et
1673 1165 1704 1194 in
1728 1176 1791 1206 quo
1827 1167 1918 1198 nobis

339 1229 367 1259 in
395 1227 502 1258 orbem
530 1231 665 1266 aguntur
690 1226 803 1267 poeula
828 1223 975 1266 gaudium
1002 1221 1183 1252 afferentia!

292 1287 418 1319 Etenim
442 1296 497 1316 nos
519 1283 727 1314 admiratione
750 1282 850 1313 affecit
867 1288 930 1311 tum
954 1290 1020 1310 rosa
1034 1304 1041 1315 ,
1058 1285 1124 1310 tum
1146 1278 1253 1309 vinum
1270 1278 1349 1315 ,sibi
1369 1279 1504 1310 invicem
1528 1279 1639 1311 similia
1654 1304 1662 1318 ,
1677 1280 1719 1312 ita
1740 1288 1773 1312 ut
1796 1285 1920 1315 nescia-

337 1355 405 1374 mus
427 1349 534 1374 utrum
559 1341 730 1384 liquefacta
751 1341 790 1371 sit
812 1351 880 1371 rosa
900 1350 936 1369 an
960 1337 1159 1380 congelatum
1186 1338 1224 1368 sit
1243 1337 1365 1370 vinum.

293 1403 333 1434 Et
347 1402 424 1433 dixit
441 1399 636 1433 ‘ibn-‘Abbad
652 1411 750 1444 quum
770 1409 841 1430 eum
860 1404 948 1441 pater
969 1396 1106 1428 iussisset
1128 1401 1161 1427 ut
1183 1395 1374 1428 describeret
1394 1395 1542 1440 clypeum
1566 1397 1597 1429 in
1618 1408 1680 1441 quo
1705 1406 1793 1430 erant
1814 1400 1920 1433 stellae

250 1468 434 1505 argenteae:

298 1520 352 1550 Est
375 1519 504 1561 clypeus
524 1524 554 1549 92
576 1524 656 1552 caet.

253 1579 299 1610 De
322 1577 450 1609 candela
471 1577 550 1608 dixit
574 1576 673 1608 haec:

296 1637 322 1670 Ο
345 1636 472 1667 candela
495 1646 574 1679 quae
594 1634 720 1678 repellis
743 1633 965 1665 obscuritatem
987 1632 1104 1670 noctis,
1124 1632 1221 1664 veluti
1240 1644 1308 1666 mea
1324 1644 1434 1665 manus
1448 1640 1477 1663 93
1498 1632 1623 1677 repellit
1641 1639 1857 1677 paupertatem
1881 1635 1920 1666 ab

342 1695 547 1726 hominihus!

255 1810 304 1846 85)
334 1811 388 1838 Hos
406 1811 496 1838 versus
514 1809 566 1838 iam
586 1810 652 1838 verti
670 1819 750 1848 supra
773 1821 799 1848 p.
818 1809 883 1839 101.

254 1865 304 1900 86)
333 1864 372 1892 Cf.
391 1874 471 1902 supra
491 1875 517 1902 p.
537 1864 588 1892 101
613 1875 676 1892 ann.
691 1864 785 1900 (1119).
953 1863 1002 1899 87)
1024 1863 1078 1891 Hos
1095 1863 1160 1891 duos
1177 1863 1268 1891 versus
1286 1863 1338 1892 iam
1356 1874 1435 1902 supra
1455 1864 1520 1892 verli
1536 1874 1561 1901 p.
1575 1863 1623 1891 99.

256 1918 306 1953 88)
336 1918 370 1946 lli
391 1919 497 1952 versus,
520 1921 547 1946 ui
569 1919 772 1956 praecedentes,
795 1918 822 1945 in
845 1916 987 1955 pulchrum
1006 1918 1161 1954 pincernam
1180 1918 1318 1954 compositi
1333 1921 1403 1946 sunt.

257 1971 307 2007 89)
337 1972 369 2000 In
391 1972 431 2000 his
447 1975 472 2000 et
491 1973 517 2000 in
535 1983 571 2010 sq.
590 1971 809 2000 ²Imado-‘1l-dini
827 1972 945 1999 carmine
966 1971 998 1998 de
1017 1972 1079 1999 vino
1102 1971 1184 1998 rubro
1203 1981 1290 1999 sermo
1308 1975 1361 2006 est,
1387 1971 1458 2009 quod
1478 1970 1603 2008 amphora
1624 1969 1772 2005 crystallina
1798 1971 1918 1998 eontine-

338 2029 399 2057 tur;
420 2027 447 2053 in
467 2026 720 2054 'Ibuo-'l-Moztazzi
740 2026 861 2053 carmine
879 2025 911 2053 de
931 2025 992 2052 vino
1003 2026 1089 2060 flauo.

258 2079 308 2117 90)
335 2078 368 2107 Iu
384 2079 433 2107 hoc
449 2079 700 2107 'Ibno-'l-Moiazzi
721 2079 838 2107 carmine
854 2088 949 2106 aarum
969 2078 1133 2115 congelatum
1149 2075 1266 2104 indicare
1281 2086 1397 2104 nummos
1413 2086 1509 2104 aureos
1522 2099 1528 2110 ,
1542 2077 1583 2104 vix
1603 2087 1668 2114 opus
1687 2080 1722 2105 est
1745 2081 1772 2105 ut
1788 2088 1920 2106 moneam.

340 2132 481 2161 Caeterum
500 2133 602 2160 eosdem
613 2131 867 2160 'Ibno-'l-Mott‘azze’
884 2133 976 2159 versus
993 2131 1065 2158 infra
1082 2131 1110 2158 in
1129 2130 1314 2168 ·al-Maqqarii
1331 2130 1414 2167 capite
1435 2131 1501 2167 (its.
1518 2130 1564 2157 fol.
1581 2131 1637 2158 495
1656 2134 1690 2166 ν.)
1711 2131 1799 2159 citatos
1824 2131 1922 2160 videbis

340 2209 402 2227 cum
422 2199 474 2228 alio
496 2209 573 2228 versu
590 2209 669 2238 quem
689 2199 720 2227 iis
736 2198 834 2227 addidit
848 2197 1075 2226 almo-tamisim.
1118 2197 1150 2225 In
1169 2197 1213 2225 ino
1234 2196 1291 2224 loeo
1310 2206 1359 2233 pro
1380 2186 1462 2242 ἐμὲ)
1484 2197 1582 2236 legitur
1603 2187 1690 2247 ἑά),

263 2252 312 2289 91)
342 2253 425 2280 Pron.
446 2253 477 2283 19
499 2253 525 2281 iu
547 2255 667 2294 Q>iixfi
689 2253 720 2281 ad
744 2252 956 2281 subintellectum
978 2251 1058 2278 subst.
1079 2250 1142 2279 fem.
1161 2255 1302 2297 gen.;4:‘>
1321 2254 1430 2288 spectat.

264 2307 314 2341 92)
343 2306 406 2333 Vide
421 2305 468 2333 hos
486 2307 576 2333 versus
594 2306 666 2334 infra
688 2306 715 2334 in
736 2306 818 2343 capite
834 2305 1073 2333 'Ibuo-'l-Abbari.

265 2360 314 2398 93)
341 2360 363 2389 Ι.
381 2370 415 2392 e.,
438 2369 468 2389 ex
484 2359 559 2389 soliti}
572 2360 702 2399 imagine,
723 2359 851 2396 beneficia
869 2369 936 2398 quae
951 2369 1008 2387 mea
1024 2368 1119 2387 manus
1138 2360 1169 2387 in
1184 2357 1253 2387 alios
1272 2358 1387 2396 conseri,
