<?xml version="1.0" encoding="UTF-8"?>
<!DOCTYPE html PUBLIC "-//W3C//DTD XHTML 1.0 Transitional//EN"
    "http://www.w3.org/TR/xhtml1/DTD/xhtml1-transitional.dtd">
<html xmlns="http://www.w3.org/1999/xhtml" xml:lang="en" lang="en">
 <head>
  <title>
</title>
<meta http-equiv="Content-Type" content="text/html;charset=utf-8" />
  <meta name='ocr-system' content='tesseract 3.04.00' />
  <meta name='ocr-capabilities' content='ocr_page ocr_carea ocr_par ocr_line ocrx_word'/>
</head>
<body>
  <div class='ocr_page' id='page_1' title='image "./historiaabbadida01dozyuoft_0503.png"; bbox 0 0 2053 2969; ppageno 0'>
   <div class='ocr_carea' id='block_1_1' title="bbox 861 231 1168 267">
    <p class='ocr_par' dir='ltr' id='par_1_1' title="bbox 861 231 1168 267">
     <span class='ocr_line' id='line_1_1' title="bbox 861 231 1168 267; baseline -0.007 1"><span class='ocrx_word' id='word_1_1' title='bbox 861 231 1168 267; x_wconf 76' lang='lat'>-421—</span> 
     </span>
    </p>
   </div>
   <div class='ocr_carea' id='block_1_2' title="bbox 174 322 1966 1946">
    <p class='ocr_par' dir='ltr' id='par_1_2' title="bbox 221 322 1752 373">
     <span class='ocr_line' id='line_1_2' title="bbox 221 322 1752 373; baseline 0.001 -11"><span class='ocrx_word' id='word_1_2' title='bbox 221 330 325 362; x_wconf 82' lang='lat' dir='ltr'>Timet</span> <span class='ocrx_word' id='word_1_3' title='bbox 347 338 386 360; x_wconf 88' lang='lat' dir='ltr'>ne</span> <span class='ocrx_word' id='word_1_4' title='bbox 406 325 515 359; x_wconf 83' lang='lat' dir='ltr'>dentes</span> <span class='ocrx_word' id='word_1_5' title='bbox 541 324 636 359; x_wconf 84' lang='lat' dir='ltr'>edant</span> <span class='ocrx_word' id='word_1_6' title='bbox 655 323 684 356; x_wconf 89' lang='lat' dir='ltr'>id</span> <span class='ocrx_word' id='word_1_7' title='bbox 705 322 789 368; x_wconf 87' lang='lat' dir='ltr'>quod</span> <span class='ocrx_word' id='word_1_8' title='bbox 815 323 908 357; x_wconf 83' lang='lat' dir='ltr'><strong>dulce</strong></span> <span class='ocrx_word' id='word_1_9' title='bbox 929 332 996 363; x_wconf 88' lang='lat' dir='ltr'>est,</span> <span class='ocrx_word' id='word_1_10' title='bbox 1021 337 1082 357; x_wconf 87' lang='lat' dir='ltr'>non</span> <span class='ocrx_word' id='word_1_11' title='bbox 1107 327 1196 358; x_wconf 87' lang='lat' dir='ltr'>timet</span> <span class='ocrx_word' id='word_1_12' title='bbox 1215 337 1253 359; x_wconf 89' lang='lat' dir='ltr'>ne</span> <span class='ocrx_word' id='word_1_13' title='bbox 1273 325 1367 360; x_wconf 83' lang='lat' dir='ltr'>edant</span> <span class='ocrx_word' id='word_1_14' title='bbox 1397 327 1426 360; x_wconf 89' lang='lat' dir='ltr'>id</span> <span class='ocrx_word' id='word_1_15' title='bbox 1450 329 1533 373; x_wconf 88' lang='lat' dir='ltr'>quod</span> <span class='ocrx_word' id='word_1_16' title='bbox 1555 330 1667 363; x_wconf 83' lang='lat' dir='ltr'>salsum</span> <span class='ocrx_word' id='word_1_17' title='bbox 1695 338 1752 364; x_wconf 79' lang='lat' dir='ltr'>est.</span> 
     </span>
    </p>

    <p class='ocr_par' dir='ltr' id='par_1_3' title="bbox 174 383 1837 488">
     <span class='ocr_line' id='line_1_3' title="bbox 222 383 1837 432; baseline 0.001 -13"><span class='ocrx_word' id='word_1_18' title='bbox 222 387 271 420; x_wconf 82' lang='lat' dir='ltr'>Ad</span> <span class='ocrx_word' id='word_1_19' title='bbox 293 386 361 418; x_wconf 84' lang='lat' dir='ltr'>eius</span> <span class='ocrx_word' id='word_1_20' title='bbox 387 387 496 429; x_wconf 74' lang='lat' dir='ltr'>poe&#39;sin</span> <span class='ocrx_word' id='word_1_21' title='bbox 521 396 615 429; x_wconf 85' lang='lat' dir='ltr'>quam</span> <span class='ocrx_word' id='word_1_22' title='bbox 635 383 794 426; x_wconf 85' lang='lat' dir='ltr'>depromsi</span> <span class='ocrx_word' id='word_1_23' title='bbox 822 394 858 414; x_wconf 78' lang='lat' dir='ltr'>ex</span> <span class='ocrx_word' id='word_1_24' title='bbox 896 383 1069 425; x_wconf 63' lang='lat' dir='ltr'>Qrtlciyz&#39;clo</span> <span class='ocrx_word' id='word_1_25' title='bbox 1090 385 1244 427; x_wconf 65' lang='lat' dir='ltr'>&#39;l-:e&#39;qydn</span> <span class='ocrx_word' id='word_1_26' title='bbox 1267 386 1425 428; x_wconf 78' lang='lat' dir='ltr'>pertinent</span> <span class='ocrx_word' id='word_1_27' title='bbox 1447 394 1611 430; x_wconf 75' lang='lat' dir='ltr'><strong>sequentes</strong></span> <span class='ocrx_word' id='word_1_28' title='bbox 1630 391 1735 420; x_wconf 73' lang='lat' dir='ltr'>versus</span> <span class='ocrx_word' id='word_1_29' title='bbox 1760 401 1837 432; x_wconf 75' lang='lat' dir='ltr'>quos</span> 
     </span>
     <span class='ocr_line' id='line_1_4' title="bbox 174 443 1696 488; baseline 0.001 -11"><span class='ocrx_word' id='word_1_30' title='bbox 174 444 355 488; x_wconf 85' lang='lat' dir='ltr'>composuit</span> <span class='ocrx_word' id='word_1_31' title='bbox 373 450 408 474; x_wconf 85' lang='lat' dir='ltr'>ut</span> <span class='ocrx_word' id='word_1_32' title='bbox 429 453 520 474; x_wconf 86' lang='lat' dir='ltr'>suum</span> <span class='ocrx_word' id='word_1_33' title='bbox 549 444 747 485; x_wconf 88' lang='lat' dir='ltr'>propositum</span> <span class='ocrx_word' id='word_1_34' title='bbox 769 448 984 486; x_wconf 66' lang='lat' dir='ltr'>assequeretur</span> <span class='ocrx_word' id='word_1_35' title='bbox 1013 448 1041 466; x_wconf 89' lang='lat'>¹0</span> <span class='ocrx_word' id='word_1_36' title='bbox 1062 448 1092 474; x_wconf 85' lang='lat' dir='ltr'>et</span> <span class='ocrx_word' id='word_1_37' title='bbox 1113 448 1234 484; x_wconf 86' lang='lat' dir='ltr'>patrem</span> <span class='ocrx_word' id='word_1_38' title='bbox 1257 443 1316 474; x_wconf 92' lang='lat' dir='ltr'>sibi</span> <span class='ocrx_word' id='word_1_39' title='bbox 1336 444 1510 487; x_wconf 87' lang='lat' dir='ltr'>propitium</span> <span class='ocrx_word' id='word_1_40' title='bbox 1531 445 1696 479; x_wconf 84' lang='lat' dir='ltr'>redderet:</span> 
     </span>
    </p>

    <p class='ocr_par' dir='ltr' id='par_1_4' title="bbox 221 500 1162 544">
     <span class='ocr_line' id='line_1_5' title="bbox 221 500 1162 544; baseline -0.002 -10"><span class='ocrx_word' id='word_1_41' title='bbox 221 502 270 534; x_wconf 84' lang='lat' dir='ltr'>Ad</span> <span class='ocrx_word' id='word_1_42' title='bbox 290 509 320 533; x_wconf 86' lang='lat' dir='ltr'>te</span> <span class='ocrx_word' id='word_1_43' title='bbox 334 500 484 543; x_wconf 81' lang='lat' dir='ltr'>confugio</span> <span class='ocrx_word' id='word_1_44' title='bbox 506 500 632 544; x_wconf 80' lang='lat' dir='ltr'>quando</span> <span class='ocrx_word' id='word_1_45' title='bbox 653 501 743 532; x_wconf 88' lang='lat' dir='ltr'>nobis</span> <span class='ocrx_word' id='word_1_46' title='bbox 768 508 812 532; x_wconf 80' lang='lat' dir='ltr'>est</span> <span class='ocrx_word' id='word_1_47' title='bbox 833 501 1006 532; x_wconf 76' lang='lat' dir='ltr'>obscuritas</span> <span class='ocrx_word' id='word_1_48' title='bbox 1031 506 1056 523; x_wconf 92' lang='lat'>¹¹</span> <span class='ocrx_word' id='word_1_49' title='bbox 1082 507 1162 532; x_wconf 80' lang='lat' dir='ltr'>caet.</span> 
     </span>
    </p>

    <p class='ocr_par' dir='ltr' id='par_1_5' title="bbox 175 558 1844 838">
     <span class='ocr_line' id='line_1_6' title="bbox 220 558 1841 604; baseline -0.001 -10"><span class='ocrx_word' id='word_1_50' title='bbox 220 561 325 594; x_wconf 87' lang='lat' dir='ltr'>Iratus</span> <span class='ocrx_word' id='word_1_51' title='bbox 344 561 373 592; x_wconf 91' lang='lat' dir='ltr'>ei</span> <span class='ocrx_word' id='word_1_52' title='bbox 396 564 464 590; x_wconf 84' lang='lat' dir='ltr'>erat</span> <span class='ocrx_word' id='word_1_53' title='bbox 484 565 573 602; x_wconf 83' lang='lat' dir='ltr'>pater</span> <span class='ocrx_word' id='word_1_54' title='bbox 601 559 685 602; x_wconf 90' lang='lat' dir='ltr'>quod</span> <span class='ocrx_word' id='word_1_55' title='bbox 708 570 770 591; x_wconf 92' lang='lat' dir='ltr'>non</span> <span class='ocrx_word' id='word_1_56' title='bbox 790 558 973 591; x_wconf 81' lang='lat' dir='ltr'><strong>cohortibus</strong></span> <span class='ocrx_word' id='word_1_57' title='bbox 999 565 1171 602; x_wconf 80' lang='lat' dir='ltr'>occupatus</span> <span class='ocrx_word' id='word_1_58' title='bbox 1194 565 1273 591; x_wconf 84' lang='lat' dir='ltr'>esset</span> <span class='ocrx_word' id='word_1_59' title='bbox 1295 558 1345 591; x_wconf 88' lang='lat' dir='ltr'>sed</span> <span class='ocrx_word' id='word_1_60' title='bbox 1364 559 1471 599; x_wconf 89' lang='lat' dir='ltr'>libris,</span> <span class='ocrx_word' id='word_1_61' title='bbox 1498 562 1581 604; x_wconf 88' lang='lat' dir='ltr'>quod</span> <span class='ocrx_word' id='word_1_62' title='bbox 1605 574 1665 594; x_wconf 91' lang='lat' dir='ltr'>non</span> <span class='ocrx_word' id='word_1_63' title='bbox 1687 563 1841 594; x_wconf 61' lang='lat' dir='ltr'>exercitiis</span> 
     </span>
     <span class='ocr_line' id='line_1_7' title="bbox 175 617 1842 664; baseline -0.002 -12"><span class='ocrx_word' id='word_1_64' title='bbox 175 619 354 663; x_wconf 80' lang='lat' dir='ltr'>agminibus</span> <span class='ocrx_word' id='word_1_65' title='bbox 384 619 543 659; x_wconf 86' lang='lat' dir='ltr'>imperans</span> <span class='ocrx_word' id='word_1_66' title='bbox 572 617 704 661; x_wconf 83' lang='lat' dir='ltr'>gloriam</span> <span class='ocrx_word' id='word_1_67' title='bbox 729 619 893 661; x_wconf 81' lang='lat' dir='ltr'>acquirere</span> <span class='ocrx_word' id='word_1_68' title='bbox 922 617 1062 649; x_wconf 82' lang='lat' dir='ltr'>studeret</span> <span class='ocrx_word' id='word_1_69' title='bbox 1092 617 1144 649; x_wconf 86' lang='lat' dir='ltr'>sed</span> <span class='ocrx_word' id='word_1_70' title='bbox 1162 617 1251 648; x_wconf 83' lang='lat' dir='ltr'>libris</span> <span class='ocrx_word' id='word_1_71' title='bbox 1279 619 1473 657; x_wconf 83' lang='lat' dir='ltr'>scribendis,</span> <span class='ocrx_word' id='word_1_72' title='bbox 1505 621 1587 662; x_wconf 90' lang='lat' dir='ltr'>quod</span> <span class='ocrx_word' id='word_1_73' title='bbox 1620 632 1694 664; x_wconf 75' lang='lat' dir='ltr'>prae</span> <span class='ocrx_word' id='word_1_74' title='bbox 1716 622 1842 663; x_wconf 53' lang='lat' dir='ltr'>scriptis·</span> 
     </span>
     <span class='ocr_line' id='line_1_8' title="bbox 175 675 1840 721; baseline -0.001 -8"><span class='ocrx_word' id='word_1_75' title='bbox 175 679 278 710; x_wconf 76' lang='lat' dir='ltr'>literis</span> <span class='ocrx_word' id='word_1_76' title='bbox 310 677 482 720; x_wconf 74' lang='lat' dir='ltr'>negligeret</span> <span class='ocrx_word' id='word_1_77' title='bbox 522 675 669 708; x_wconf 72' lang='lat' dir='ltr'>vexillum</span> <span class='ocrx_word' id='word_1_78' title='bbox 713 687 904 721; x_wconf 82' lang='lat' dir='ltr'>expansum,</span> <span class='ocrx_word' id='word_1_79' title='bbox 949 687 1024 719; x_wconf 88' lang='lat' dir='ltr'>prae</span> <span class='ocrx_word' id='word_1_80' title='bbox 1063 675 1188 707; x_wconf 84' lang='lat' dir='ltr'>calamis</span> <span class='ocrx_word' id='word_1_81' title='bbox 1221 677 1396 719; x_wconf 84' lang='lat' dir='ltr'>scriptoriis</span> <span class='ocrx_word' id='word_1_82' title='bbox 1430 677 1650 710; x_wconf 85' lang='lat' dir='ltr'>fortitudinem</span> <span class='ocrx_word' id='word_1_83' title='bbox 1683 680 1840 712; x_wconf 80' lang='lat' dir='ltr'>bellicam.</span> 
     </span>
     <span class='ocr_line' id='line_1_9' title="bbox 175 734 1844 781; baseline 0.001 -12"><span class='ocrx_word' id='word_1_84' title='bbox 175 737 312 780; x_wconf 82' lang='lat' dir='ltr'>Scripsit</span> <span class='ocrx_word' id='word_1_85' title='bbox 334 735 440 778; x_wconf 85' lang='lat' dir='ltr'>itaque</span> <span class='ocrx_word' id='word_1_86' title='bbox 458 734 496 766; x_wconf 83' lang='lat' dir='ltr'>ad</span> <span class='ocrx_word' id='word_1_87' title='bbox 517 745 589 767; x_wconf 88' lang='lat' dir='ltr'>eum</span> <span class='ocrx_word' id='word_1_88' title='bbox 607 734 866 767; x_wconf 66' lang='lat' dir='ltr'>·a1-Mo=&#39;t·amidus</span> <span class='ocrx_word' id='word_1_89' title='bbox 882 759 889 771; x_wconf 90' lang='lat'><strong><em>‚</em></strong></span> <span class='ocrx_word' id='word_1_90' title='bbox 913 745 984 765; x_wconf 88' lang='lat' dir='ltr'>eum</span> <span class='ocrx_word' id='word_1_91' title='bbox 1008 734 1172 776; x_wconf 82' lang='lat' dir='ltr'>increpans</span> <span class='ocrx_word' id='word_1_92' title='bbox 1188 757 1196 771; x_wconf 92' lang='lat'>‚</span> <span class='ocrx_word' id='word_1_93' title='bbox 1218 735 1352 777; x_wconf 80' lang='lat' dir='ltr'>graviter</span> <span class='ocrx_word' id='word_1_94' title='bbox 1374 746 1443 767; x_wconf 88' lang='lat' dir='ltr'>eum</span> <span class='ocrx_word' id='word_1_95' title='bbox 1463 737 1675 781; x_wconf 81' lang='lat' dir='ltr'>perstringens</span> <span class='ocrx_word' id='word_1_96' title='bbox 1700 746 1730 770; x_wconf 85' lang='lat' dir='ltr'>et</span> <span class='ocrx_word' id='word_1_97' title='bbox 1756 739 1844 772; x_wconf 74' lang='lat' dir='ltr'>valde</span> 
     </span>
     <span class='ocr_line' id='line_1_10' title="bbox 179 792 1193 838; baseline -0.003 -10"><span class='ocrx_word' id='word_1_98' title='bbox 179 807 251 828; x_wconf 88' lang='lat' dir='ltr'>eum</span> <span class='ocrx_word' id='word_1_99' title='bbox 280 793 513 838; x_wconf 87' lang='lat' dir='ltr'>reprehendens</span> <span class='ocrx_word' id='word_1_100' title='bbox 528 817 536 831; x_wconf 92' lang='lat'>‚</span> <span class='ocrx_word' id='word_1_101' title='bbox 560 794 642 826; x_wconf 89' lang='lat' dir='ltr'>inter</span> <span class='ocrx_word' id='word_1_102' title='bbox 660 793 737 825; x_wconf 81' lang='lat' dir='ltr'>alios</span> <span class='ocrx_word' id='word_1_103' title='bbox 758 794 854 825; x_wconf 85' lang='lat' dir='ltr'>etiam</span> <span class='ocrx_word' id='word_1_104' title='bbox 880 797 1045 835; x_wconf 82' lang='lat' dir='ltr'>sequentes</span> <span class='ocrx_word' id='word_1_105' title='bbox 1066 792 1193 825; x_wconf 71' lang='lat' dir='ltr'>versus:</span> 
     </span>
    </p>

    <p class='ocr_par' dir='ltr' id='par_1_6' title="bbox 218 853 718 897">
     <span class='ocr_line' id='line_1_11' title="bbox 218 853 718 897; baseline -0.006 -12"><span class='ocrx_word' id='word_1_106' title='bbox 218 853 392 897; x_wconf 86' lang='lat' dir='ltr'>Imperium</span> <span class='ocrx_word' id='word_1_107' title='bbox 419 862 564 884; x_wconf 81' lang='lat' dir='ltr'>exercere</span> <span class='ocrx_word' id='word_1_108' title='bbox 590 857 614 875; x_wconf 86' lang='lat'>¹¹</span> <span class='ocrx_word' id='word_1_109' title='bbox 638 857 718 883; x_wconf 83' lang='lat' dir='ltr'>caet.</span> 
     </span>
    </p>

    <p class='ocr_par' dir='ltr' id='par_1_7' title="bbox 177 908 817 945">
     <span class='ocr_line' id='line_1_12' title="bbox 177 908 817 945; baseline -0.008 0"><span class='ocrx_word' id='word_1_110' title='bbox 177 913 222 945; x_wconf 76' lang='lat' dir='ltr'>Ex</span> <span class='ocrx_word' id='word_1_111' title='bbox 247 911 357 944; x_wconf 89' lang='lat' dir='ltr'>eodem</span> <span class='ocrx_word' id='word_1_112' title='bbox 381 910 522 942; x_wconf 85' lang='lat' dir='ltr'>carmine</span> <span class='ocrx_word' id='word_1_113' title='bbox 540 915 613 941; x_wconf 89' lang='lat' dir='ltr'>sunt</span> <span class='ocrx_word' id='word_1_114' title='bbox 634 908 668 941; x_wconf 92' lang='lat' dir='ltr'>hi</span> <span class='ocrx_word' id='word_1_115' title='bbox 689 909 817 940; x_wconf 63' lang='lat' dir='ltr'>versus:</span> 
     </span>
    </p>

    <p class='ocr_par' dir='ltr' id='par_1_8' title="bbox 221 967 850 1011">
     <span class='ocr_line' id='line_1_13' title="bbox 221 967 850 1011; baseline -0.003 -9"><span class='ocrx_word' id='word_1_116' title='bbox 221 970 309 1002; x_wconf 89' lang='lat' dir='ltr'>Haec</span> <span class='ocrx_word' id='word_1_117' title='bbox 330 968 451 1001; x_wconf 87' lang='lat' dir='ltr'>nobilia</span> <span class='ocrx_word' id='word_1_118' title='bbox 472 967 694 1011; x_wconf 87' lang='lat' dir='ltr'>complecteris</span> <span class='ocrx_word' id='word_1_119' title='bbox 717 973 745 991; x_wconf 88' lang='lat'>12</span> <span class='ocrx_word' id='word_1_120' title='bbox 768 973 850 1000; x_wconf 82' lang='lat' dir='ltr'>caet·</span> 
     </span>
    </p>

    <p class='ocr_par' dir='ltr' id='par_1_9' title="bbox 177 1024 1843 1128">
     <span class='ocr_line' id='line_1_14' title="bbox 219 1024 1843 1071; baseline 0 -11"><span class='ocrx_word' id='word_1_121' title='bbox 219 1029 310 1061; x_wconf 89' lang='lat' dir='ltr'>Tunc</span> <span class='ocrx_word' id='word_1_122' title='bbox 334 1028 459 1070; x_wconf 79' lang='lat' dir='ltr'>scripsit</span> <span class='ocrx_word' id='word_1_123' title='bbox 476 1026 514 1058; x_wconf 84' lang='lat' dir='ltr'>ad</span> <span class='ocrx_word' id='word_1_124' title='bbox 536 1037 607 1058; x_wconf 88' lang='lat' dir='ltr'>eum</span> <span class='ocrx_word' id='word_1_125' title='bbox 629 1026 696 1058; x_wconf 86' lang='lat' dir='ltr'>eius</span> <span class='ocrx_word' id='word_1_126' title='bbox 717 1024 801 1057; x_wconf 90' lang='lat' dir='ltr'>filius</span> <span class='ocrx_word' id='word_1_127' title='bbox 824 1025 983 1069; x_wconf 56' lang='lat' dir='ltr'>&#39;ar-Rfigi,</span> <span class='ocrx_word' id='word_1_128' title='bbox 1007 1036 1078 1058; x_wconf 89' lang='lat' dir='ltr'>eum</span> <span class='ocrx_word' id='word_1_129' title='bbox 1102 1026 1162 1057; x_wconf 91' lang='lat' dir='ltr'>sibi</span> <span class='ocrx_word' id='word_1_130' title='bbox 1183 1026 1356 1069; x_wconf 88' lang='lat' dir='ltr'>propitium</span> <span class='ocrx_word' id='word_1_131' title='bbox 1379 1024 1508 1058; x_wconf 85' lang='lat' dir='ltr'>reddere</span> <span class='ocrx_word' id='word_1_132' title='bbox 1530 1025 1656 1059; x_wconf 82' lang='lat' dir='ltr'>studens</span> <span class='ocrx_word' id='word_1_133' title='bbox 1680 1035 1709 1060; x_wconf 87' lang='lat' dir='ltr'>et</span> <span class='ocrx_word' id='word_1_134' title='bbox 1734 1040 1843 1071; x_wconf 61' lang='lat' dir='ltr'>rogans</span> 
     </span>
     <span class='ocr_line' id='line_1_15' title="bbox 177 1084 907 1128; baseline -0.004 -8"><span class='ocrx_word' id='word_1_135' title='bbox 177 1099 216 1120; x_wconf 86' lang='lat' dir='ltr'>ne</span> <span class='ocrx_word' id='word_1_136' title='bbox 243 1098 274 1119; x_wconf 88' lang='lat' dir='ltr'>se</span> <span class='ocrx_word' id='word_1_137' title='bbox 305 1087 511 1128; x_wconf 86' lang='lat' dir='ltr'>obiurgaret,</span> <span class='ocrx_word' id='word_1_138' title='bbox 534 1085 566 1116; x_wconf 89' lang='lat' dir='ltr'>in</span> <span class='ocrx_word' id='word_1_139' title='bbox 589 1085 726 1127; x_wconf 84' lang='lat' dir='ltr'>longiori</span> <span class='ocrx_word' id='word_1_140' title='bbox 745 1084 907 1117; x_wconf 86' lang='lat' dir='ltr'>carmine:</span> 
     </span>
    </p>

    <p class='ocr_par' dir='ltr' id='par_1_10' title="bbox 220 1142 1219 1189">
     <span class='ocr_line' id='line_1_16' title="bbox 220 1142 1219 1189; baseline -0.003 -11"><span class='ocrx_word' id='word_1_141' title='bbox 220 1145 266 1179; x_wconf 89' lang='lat' dir='ltr'>Mi</span> <span class='ocrx_word' id='word_1_142' title='bbox 286 1144 433 1177; x_wconf 84' lang='lat' dir='ltr'>domine!</span> <span class='ocrx_word' id='word_1_143' title='bbox 458 1143 525 1176; x_wconf 86' lang='lat' dir='ltr'>Iam</span> <span class='ocrx_word' id='word_1_144' title='bbox 553 1142 672 1176; x_wconf 86' lang='lat' dir='ltr'>nullam</span> <span class='ocrx_word' id='word_1_145' title='bbox 693 1143 828 1189; x_wconf 87' lang='lat' dir='ltr'>amplius</span> <span class='ocrx_word' id='word_1_146' title='bbox 849 1142 944 1176; x_wconf 88' lang='lat' dir='ltr'>fidem</span> <span class='ocrx_word' id='word_1_147' title='bbox 962 1142 1065 1175; x_wconf 86' lang='lat' dir='ltr'>habeo</span> <span class='ocrx_word' id='word_1_148' title='bbox 1086 1149 1114 1172; x_wconf 84' lang='lat'>¹3</span> <span class='ocrx_word' id='word_1_149' title='bbox 1138 1147 1219 1175; x_wconf 82' lang='lat' dir='ltr'>caet.</span> 
     </span>
    </p>

    <p class='ocr_par' dir='ltr' id='par_1_11' title="bbox 180 1202 1966 1245">
     <span class='ocr_line' id='line_1_17' title="bbox 180 1202 1966 1245; baseline -0.001 -9"><span class='ocrx_word' id='word_1_150' title='bbox 180 1205 221 1238; x_wconf 86' lang='lat' dir='ltr'>Et</span> <span class='ocrx_word' id='word_1_151' title='bbox 243 1204 274 1236; x_wconf 90' lang='lat' dir='ltr'>in</span> <span class='ocrx_word' id='word_1_152' title='bbox 293 1204 356 1236; x_wconf 92' lang='lat' dir='ltr'>fine</span> <span class='ocrx_word' id='word_1_153' title='bbox 375 1202 545 1234; x_wconf 82' lang='lat' dir='ltr'>carminis:</span> <span class='ocrx_word' id='word_1_154' title='bbox 1864 1218 1887 1245; x_wconf 88' lang='lat' dir='ltr'>p.</span> <span class='ocrx_word' id='word_1_155' title='bbox 1902 1209 1966 1238; x_wconf 66' lang='lat'>419.</span> 
     </span>
    </p>

    <p class='ocr_par' dir='ltr' id='par_1_12' title="bbox 220 1263 695 1304">
     <span class='ocr_line' id='line_1_18' title="bbox 220 1263 695 1304; baseline -0.002 -9"><span class='ocrx_word' id='word_1_156' title='bbox 220 1263 307 1294; x_wconf 89' lang='lat' dir='ltr'>Pone</span> <span class='ocrx_word' id='word_1_157' title='bbox 325 1272 376 1294; x_wconf 86' lang='lat' dir='ltr'>me</span> <span class='ocrx_word' id='word_1_158' title='bbox 400 1271 546 1304; x_wconf 84' lang='lat' dir='ltr'>peccasse</span> <span class='ocrx_word' id='word_1_159' title='bbox 563 1266 591 1290; x_wconf 67' lang='grc' dir='ltr'>Χ4</span> <span class='ocrx_word' id='word_1_160' title='bbox 613 1267 695 1294; x_wconf 86' lang='lat' dir='ltr'>caet.</span> 
     </span>
    </p>

    <p class='ocr_par' dir='ltr' id='par_1_13' title="bbox 177 1315 1841 1413">
     <span class='ocr_line' id='line_1_19' title="bbox 222 1315 1841 1364; baseline -0.001 -11"><span class='ocrx_word' id='word_1_161' title='bbox 222 1320 272 1353; x_wconf 80' lang='lat' dir='ltr'>Ad</span> <span class='ocrx_word' id='word_1_162' title='bbox 293 1321 359 1353; x_wconf 85' lang='lat' dir='ltr'>eius</span> <span class='ocrx_word' id='word_1_163' title='bbox 388 1320 498 1364; x_wconf 76' lang='lat' dir='ltr'>poesin</span> <span class='ocrx_word' id='word_1_164' title='bbox 518 1319 614 1351; x_wconf 84' lang='lat' dir='ltr'>etiam</span> <span class='ocrx_word' id='word_1_165' title='bbox 635 1319 796 1363; x_wconf 87' lang='lat' dir='ltr'>pertinent</span> <span class='ocrx_word' id='word_1_166' title='bbox 812 1323 978 1363; x_wconf 82' lang='lat' dir='ltr'>sequentes</span> <span class='ocrx_word' id='word_1_167' title='bbox 1000 1319 1104 1351; x_wconf 74' lang='lat' dir='ltr'>versus</span> <span class='ocrx_word' id='word_1_168' title='bbox 1127 1328 1203 1361; x_wconf 85' lang='lat' dir='ltr'>quos</span> <span class='ocrx_word' id='word_1_169' title='bbox 1220 1315 1352 1349; x_wconf 88' lang='lat' dir='ltr'>desumsi</span> <span class='ocrx_word' id='word_1_170' title='bbox 1373 1328 1408 1350; x_wconf 83' lang='lat' dir='ltr'>ex</span> <span class='ocrx_word' id='word_1_171' title='bbox 1436 1316 1641 1351; x_wconf 62' lang='lat' dir='ltr'>collectione</span> <span class='ocrx_word' id='word_1_172' title='bbox 1666 1318 1754 1360; x_wconf 72' lang='grc' dir='ltr'>ρῦςῑί</span> <span class='ocrx_word' id='word_1_173' title='bbox 1774 1330 1841 1351; x_wconf 85' lang='lat' dir='ltr'>·ar-</span> 
     </span>
     <span class='ocr_line' id='line_1_20' title="bbox 177 1377 669 1413; baseline -0.004 -1"><span class='ocrx_word' id='word_1_174' title='bbox 177 1379 288 1413; x_wconf 67' lang='lat' dir='ltr'>Rasrdz·</span> <span class='ocrx_word' id='word_1_175' title='bbox 307 1377 599 1411; x_wconf 78' lang='lat' dir='ltr'>&#39;Ibno-&#39;z-Zobairz&#39;</span> <span class='ocrx_word' id='word_1_176' title='bbox 623 1383 669 1410; x_wconf 78' lang='lat'>¹5:</span> 
     </span>
    </p>

    <p class='ocr_par' dir='ltr' id='par_1_14' title="bbox 221 1435 681 1470">
     <span class='ocr_line' id='line_1_21' title="bbox 221 1435 681 1470; baseline -0.004 0"><span class='ocrx_word' id='word_1_177' title='bbox 221 1437 458 1470; x_wconf 81' lang='lat' dir='ltr'>Praeterierunt</span> <span class='ocrx_word' id='word_1_178' title='bbox 479 1448 535 1468; x_wconf 91' lang='lat' dir='ltr'>nos</span> <span class='ocrx_word' id='word_1_179' title='bbox 554 1435 583 1460; x_wconf 85' lang='lat'>¹6</span> <span class='ocrx_word' id='word_1_180' title='bbox 601 1442 681 1468; x_wconf 89' lang='lat' dir='ltr'>caet.</span> 
     </span>
    </p>

    <p class='ocr_par' dir='ltr' id='par_1_15' title="bbox 175 1493 1841 1946">
     <span class='ocr_line' id='line_1_22' title="bbox 176 1493 1169 1539; baseline -0.001 -11"><span class='ocrx_word' id='word_1_181' title='bbox 176 1497 214 1529; x_wconf 90' lang='lat' dir='ltr'>In</span> <span class='ocrx_word' id='word_1_182' title='bbox 234 1496 374 1528; x_wconf 84' lang='lat' dir='ltr'>carmine</span> <span class='ocrx_word' id='word_1_183' title='bbox 398 1496 430 1527; x_wconf 89' lang='lat' dir='ltr'>in</span> <span class='ocrx_word' id='word_1_184' title='bbox 452 1507 516 1539; x_wconf 92' lang='lat' dir='ltr'>quo</span> <span class='ocrx_word' id='word_1_185' title='bbox 536 1501 659 1539; x_wconf 88' lang='lat' dir='ltr'>patrem</span> <span class='ocrx_word' id='word_1_186' title='bbox 678 1494 739 1526; x_wconf 87' lang='lat' dir='ltr'>sibi</span> <span class='ocrx_word' id='word_1_187' title='bbox 764 1493 935 1526; x_wconf 86' lang='lat' dir='ltr'>conciliare</span> <span class='ocrx_word' id='word_1_188' title='bbox 956 1493 1083 1532; x_wconf 87' lang='lat' dir='ltr'>studet,</span> <span class='ocrx_word' id='word_1_189' title='bbox 1107 1493 1169 1527; x_wconf 79' lang='lat' dir='ltr'>ait:</span> 
     </span>
     <span class='ocr_line' id='line_1_23' title="bbox 226 1554 506 1587; baseline 0 0"><span class='ocrx_word' id='word_1_190' title='bbox 226 1554 353 1587; x_wconf 87' lang='lat' dir='ltr'>Indoles</span> <span class='ocrx_word' id='word_1_191' title='bbox 374 1559 403 1584; x_wconf 84' lang='lat'>17</span> <span class='ocrx_word' id='word_1_192' title='bbox 426 1560 506 1587; x_wconf 85' lang='lat' dir='ltr'>caet.</span> 
     </span>
     <span class='ocr_line' id='line_1_24' title="bbox 175 1607 1489 1654; baseline -0.002 -9"><span class='ocrx_word' id='word_1_193' title='bbox 175 1613 214 1646; x_wconf 89' lang='lat' dir='ltr'>In</span> <span class='ocrx_word' id='word_1_194' title='bbox 238 1612 350 1644; x_wconf 89' lang='lat' dir='ltr'>eodem</span> <span class='ocrx_word' id='word_1_195' title='bbox 375 1611 516 1644; x_wconf 86' lang='lat' dir='ltr'>occurrit</span> <span class='ocrx_word' id='word_1_196' title='bbox 536 1621 640 1643; x_wconf 79' lang='lat' dir='ltr'>versus</span> <span class='ocrx_word' id='word_1_197' title='bbox 663 1611 718 1654; x_wconf 91' lang='lat' dir='ltr'>qui</span> <span class='ocrx_word' id='word_1_198' title='bbox 741 1611 771 1643; x_wconf 90' lang='lat' dir='ltr'>in</span> <span class='ocrx_word' id='word_1_199' title='bbox 796 1611 999 1654; x_wconf 75' lang='lat' dir='ltr'>proverbium</span> <span class='ocrx_word' id='word_1_200' title='bbox 1023 1610 1104 1642; x_wconf 88' lang='lat' dir='ltr'>abiit</span> <span class='ocrx_word' id='word_1_201' title='bbox 1125 1616 1156 1642; x_wconf 86' lang='lat' dir='ltr'>et</span> <span class='ocrx_word' id='word_1_202' title='bbox 1175 1608 1215 1642; x_wconf 90' lang='lat' dir='ltr'>de</span> <span class='ocrx_word' id='word_1_203' title='bbox 1241 1620 1303 1652; x_wconf 90' lang='lat' dir='ltr'>quo</span> <span class='ocrx_word' id='word_1_204' title='bbox 1324 1609 1385 1641; x_wconf 89' lang='lat' dir='ltr'>iam</span> <span class='ocrx_word' id='word_1_205' title='bbox 1404 1607 1489 1642; x_wconf 76' lang='lat' dir='ltr'>dixi:</span> 
     </span>
     <span class='ocr_line' id='line_1_25' title="bbox 224 1669 927 1713; baseline 0 -10"><span class='ocrx_word' id='word_1_206' title='bbox 224 1671 389 1704; x_wconf 85' lang='lat' dir='ltr'>Profecto!</span> <span class='ocrx_word' id='word_1_207' title='bbox 439 1669 557 1711; x_wconf 84' lang='lat' dir='ltr'>Querar</span> <span class='ocrx_word' id='word_1_208' title='bbox 579 1669 663 1713; x_wconf 87' lang='lat' dir='ltr'>apud</span> <span class='ocrx_word' id='word_1_209' title='bbox 680 1669 771 1701; x_wconf 87' lang='lat' dir='ltr'>illurn</span> <span class='ocrx_word' id='word_1_210' title='bbox 795 1670 823 1694; x_wconf 78' lang='lat'>¹8</span> <span class='ocrx_word' id='word_1_211' title='bbox 847 1677 927 1703; x_wconf 86' lang='lat' dir='ltr'>caet.</span> 
     </span>
     <span class='ocr_line' id='line_1_26' title="bbox 179 1728 476 1763; baseline -0.013 0"><span class='ocrx_word' id='word_1_212' title='bbox 179 1730 339 1763; x_wconf 75' lang='lat' dir='ltr'>Recitavit</span> <span class='ocrx_word' id='word_1_213' title='bbox 362 1728 476 1760; x_wconf 85' lang='lat' dir='ltr'>etiam:</span> 
     </span>
     <span class='ocr_line' id='line_1_27' title="bbox 224 1782 1268 1830; baseline -0.004 -10"><span class='ocrx_word' id='word_1_214' title='bbox 224 1787 413 1820; x_wconf 79' lang='lat' dir='ltr'>Dissolvitur</span> <span class='ocrx_word' id='word_1_215' title='bbox 437 1792 562 1830; x_wconf 87' lang='lat' dir='ltr'>tempus</span> <span class='ocrx_word' id='word_1_216' title='bbox 581 1796 637 1830; x_wconf 88' lang='lat' dir='ltr'>per</span> <span class='ocrx_word' id='word_1_217' title='bbox 660 1783 746 1829; x_wconf 85' lang='lat' dir='ltr'>quod</span> <span class='ocrx_word' id='word_1_218' title='bbox 767 1784 842 1816; x_wconf 76' lang='lat' dir='ltr'>vivit</span> <span class='ocrx_word' id='word_1_219' title='bbox 866 1785 930 1822; x_wconf 81' lang='lat' dir='ltr'>vir,</span> <span class='ocrx_word' id='word_1_220' title='bbox 958 1782 1032 1815; x_wconf 87' lang='lat' dir='ltr'>dum</span> <span class='ocrx_word' id='word_1_221' title='bbox 1058 1782 1111 1815; x_wconf 87' lang='lat' dir='ltr'>ille</span> <span class='ocrx_word' id='word_1_222' title='bbox 1137 1789 1165 1813; x_wconf 90' lang='lat'>¹9</span> <span class='ocrx_word' id='word_1_223' title='bbox 1188 1788 1268 1816; x_wconf 84' lang='lat' dir='ltr'>caet.</span> 
     </span>
     <span class='ocr_line' id='line_1_28' title="bbox 179 1848 239 1880; baseline -0.033 0"><span class='ocrx_word' id='word_1_224' title='bbox 179 1848 220 1880; x_wconf 86' lang='lat' dir='ltr'>Et</span> <span class='ocrx_word' id='word_1_225' title='bbox 233 1860 239 1879; x_wconf 87' lang='lat'><strong>:</strong></span> 
     </span>
     <span class='ocr_line' id='line_1_29' title="bbox 224 1896 1841 1946; baseline -0.004 -9"><span class='ocrx_word' id='word_1_226' title='bbox 224 1905 251 1938; x_wconf 94' lang='grc' dir='ltr'><strong>Ο</strong></span> <span class='ocrx_word' id='word_1_227' title='bbox 277 1905 410 1946; x_wconf 71' lang='grc' dir='ltr'>Ωεηηεπέ</span> <span class='ocrx_word' id='word_1_228' title='bbox 450 1903 531 1936; x_wconf 85' lang='lat' dir='ltr'>Veni</span> <span class='ocrx_word' id='word_1_229' title='bbox 552 1901 591 1935; x_wconf 88' lang='lat' dir='ltr'>ad</span> <span class='ocrx_word' id='word_1_230' title='bbox 611 1912 660 1935; x_wconf 89' lang='lat' dir='ltr'>me</span> <span class='ocrx_word' id='word_1_231' title='bbox 683 1908 825 1946; x_wconf 85' lang='lat' dir='ltr'>tempore</span> <span class='ocrx_word' id='word_1_232' title='bbox 842 1899 999 1932; x_wconf 87' lang='lat' dir='ltr'>matutino</span> <span class='ocrx_word' id='word_1_233' title='bbox 1020 1898 1122 1942; x_wconf 83' lang='lat' dir='ltr'>angeli</span> <span class='ocrx_word' id='word_1_234' title='bbox 1145 1897 1261 1930; x_wconf 80' lang='lat' dir='ltr'>instar!</span> <span class='ocrx_word' id='word_1_235' title='bbox 1309 1896 1356 1929; x_wconf 87' lang='lat' dir='ltr'>Ne</span> <span class='ocrx_word' id='word_1_236' title='bbox 1384 1906 1433 1929; x_wconf 88' lang='lat' dir='ltr'>me</span> <span class='ocrx_word' id='word_1_237' title='bbox 1460 1896 1503 1928; x_wconf 91' lang='lat' dir='ltr'>sic</span> <span class='ocrx_word' id='word_1_238' title='bbox 1528 1896 1622 1929; x_wconf 79' lang='lat' dir='ltr'>exitio</span> <span class='ocrx_word' id='word_1_239' title='bbox 1647 1896 1754 1930; x_wconf 78' lang='lat' dir='ltr'>datum</span> <span class='ocrx_word' id='word_1_240' title='bbox 1787 1909 1841 1930; x_wconf 82' lang='lat' dir='ltr'>re-</span> 
     </span>
    </p>
   </div>
   <div class='ocr_carea' id='block_1_3' title="bbox 184 1962 1563 2188">
    <p class='ocr_par' dir='ltr' id='par_1_16' title="bbox 184 1962 1563 2188">
     <span class='ocr_line' id='line_1_30' title="bbox 272 1962 417 2007; baseline -0.021 -11"><span class='ocrx_word' id='word_1_241' title='bbox 272 1962 417 2007; x_wconf 72' lang='lat' dir='ltr'>linquas!</span> 
     </span>
     <span class='ocr_line' id='line_1_31' title="bbox 184 2086 1433 2135; baseline -0.01 -8"><span class='ocrx_word' id='word_1_242' title='bbox 184 2098 232 2135; x_wconf 90' lang='grc'>10)</span> <span class='ocrx_word' id='word_1_243' title='bbox 262 2097 310 2127; x_wconf 79' lang='lat' dir='ltr'>lOa</span> <span class='ocrx_word' id='word_1_244' title='bbox 330 2096 416 2125; x_wconf 83' lang='lat' dir='ltr'>forma</span> <span class='ocrx_word' id='word_1_245' title='bbox 435 2094 510 2123; x_wconf 85' lang='lat' dir='ltr'>verbi</span> <span class='ocrx_word' id='word_1_246' title='bbox 530 2100 620 2129; x_wconf 54' lang='lat' dir='ltr'>Qum</span> <span class='ocrx_word' id='word_1_247' title='bbox 639 2092 737 2122; x_wconf 83' lang='lat' dir='ltr'>Lexico</span> <span class='ocrx_word' id='word_1_248' title='bbox 758 2095 796 2121; x_wconf 81' lang='lat' dir='ltr'>est.</span> <span class='ocrx_word' id='word_1_249' title='bbox 812 2090 940 2120; x_wconf 83' lang='lat' dir='ltr'>addenda.</span> <span class='ocrx_word' id='word_1_250' title='bbox 1069 2089 1116 2126; x_wconf 87' lang='lat' dir='ltr'>ll)</span> <span class='ocrx_word' id='word_1_251' title='bbox 1144 2087 1208 2117; x_wconf 87' lang='lat' dir='ltr'>Vide</span> <span class='ocrx_word' id='word_1_252' title='bbox 1227 2097 1306 2126; x_wconf 84' lang='lat' dir='ltr'>supra</span> <span class='ocrx_word' id='word_1_253' title='bbox 1327 2097 1352 2126; x_wconf 89' lang='lat' dir='ltr'>p.</span> <span class='ocrx_word' id='word_1_254' title='bbox 1368 2086 1433 2116; x_wconf 84' lang='lat'><strong>185.</strong></span> 
     </span>
     <span class='ocr_line' id='line_1_32' title="bbox 184 2139 1563 2188; baseline -0.007 -8"><span class='ocrx_word' id='word_1_255' title='bbox 184 2152 234 2183; x_wconf 74' lang='lat'>12)</span> <span class='ocrx_word' id='word_1_256' title='bbox 261 2150 328 2179; x_wconf 83' lang='lat' dir='ltr'>Vide</span> <span class='ocrx_word' id='word_1_257' title='bbox 343 2160 424 2188; x_wconf 87' lang='lat' dir='ltr'>supra</span> <span class='ocrx_word' id='word_1_258' title='bbox 441 2160 468 2188; x_wconf 92' lang='lat' dir='ltr'>p.</span> <span class='ocrx_word' id='word_1_259' title='bbox 484 2147 552 2177; x_wconf 88' lang='grc'><strong>186.</strong></span> <span class='ocrx_word' id='word_1_260' title='bbox 717 2146 764 2183; x_wconf 87' lang='grc'>13)</span> <span class='ocrx_word' id='word_1_261' title='bbox 787 2145 851 2174; x_wconf 85' lang='lat' dir='ltr'>Vide</span> <span class='ocrx_word' id='word_1_262' title='bbox 869 2154 948 2183; x_wconf 86' lang='lat' dir='ltr'>supra</span> <span class='ocrx_word' id='word_1_263' title='bbox 967 2143 985 2172; x_wconf 89' lang='lat' dir='ltr'>l.</span> <span class='ocrx_word' id='word_1_264' title='bbox 1004 2143 1021 2173; x_wconf 84' lang='lat' dir='ltr'>l.</span> <span class='ocrx_word' id='word_1_265' title='bbox 1199 2142 1246 2178; x_wconf 79' lang='lat'>14)</span> <span class='ocrx_word' id='word_1_266' title='bbox 1270 2141 1336 2171; x_wconf 84' lang='lat' dir='ltr'>Vide</span> <span class='ocrx_word' id='word_1_267' title='bbox 1358 2151 1436 2179; x_wconf 83' lang='lat' dir='ltr'>supra</span> <span class='ocrx_word' id='word_1_268' title='bbox 1453 2151 1480 2179; x_wconf 90' lang='lat' dir='ltr'>p.</span> <span class='ocrx_word' id='word_1_269' title='bbox 1500 2139 1563 2171; x_wconf 85' lang='lat'><strong>188.</strong></span> 
     </span>
    </p>
   </div>
   <div class='ocr_carea' id='block_1_4' title="bbox 185 2194 1842 2461">
    <p class='ocr_par' dir='ltr' id='par_1_17' title="bbox 185 2194 1842 2349">
     <span class='ocr_line' id='line_1_33' title="bbox 185 2194 1842 2244; baseline -0.006 -10"><span class='ocrx_word' id='word_1_270' title='bbox 185 2206 234 2244; x_wconf 81' lang='lat'>15)</span> <span class='ocrx_word' id='word_1_271' title='bbox 260 2204 319 2233; x_wconf 77' lang='lat' dir='ltr'>Iam</span> <span class='ocrx_word' id='word_1_272' title='bbox 339 2213 418 2241; x_wconf 83' lang='lat' dir='ltr'>supra</span> <span class='ocrx_word' id='word_1_273' title='bbox 434 2203 524 2231; x_wconf 83' lang='lat' dir='ltr'>citavit</span> <span class='ocrx_word' id='word_1_274' title='bbox 539 2200 746 2230; x_wconf 70' lang='lat' dir='ltr'>=Im5d0-·d-din</span> <span class='ocrx_word' id='word_1_275' title='bbox 763 2200 813 2228; x_wconf 92' lang='lat' dir='ltr'>hoc</span> <span class='ocrx_word' id='word_1_276' title='bbox 829 2208 893 2237; x_wconf 84' lang='lat' dir='ltr'>opus</span> <span class='ocrx_word' id='word_1_277' title='bbox 904 2219 911 2231; x_wconf 80' lang='grc'><strong>.</strong></span> <span class='ocrx_word' id='word_1_278' title='bbox 935 2201 960 2226; x_wconf 77' lang='lat' dir='ltr'>et</span> <span class='ocrx_word' id='word_1_279' title='bbox 977 2197 1008 2226; x_wconf 87' lang='lat' dir='ltr'>de</span> <span class='ocrx_word' id='word_1_280' title='bbox 1029 2200 1135 2226; x_wconf 81' lang='lat' dir='ltr'>auctore</span> <span class='ocrx_word' id='word_1_281' title='bbox 1151 2196 1204 2235; x_wconf 82' lang='lat' dir='ltr'>egit</span> <span class='ocrx_word' id='word_1_282' title='bbox 1218 2196 1246 2224; x_wconf 88' lang='lat' dir='ltr'>in</span> <span class='ocrx_word' id='word_1_283' title='bbox 1265 2194 1384 2223; x_wconf 81' lang='lat' dir='ltr'>·as-Sail</span> <span class='ocrx_word' id='word_1_284' title='bbox 1399 2195 1546 2228; x_wconf 75' lang='lat' dir='ltr'>wad-dail.</span> <span class='ocrx_word' id='word_1_285' title='bbox 1565 2194 1634 2234; x_wconf 87' lang='lat' dir='ltr'>quod</span> <span class='ocrx_word' id='word_1_286' title='bbox 1656 2205 1720 2234; x_wconf 84' lang='lat' dir='ltr'>opus</span> <span class='ocrx_word' id='word_1_287' title='bbox 1736 2196 1842 2233; x_wconf 81' lang='lat' dir='ltr'>supple·</span> 
     </span>
     <span class='ocr_line' id='line_1_34' title="bbox 264 2245 1842 2289; baseline -0.006 -2"><span class='ocrx_word' id='word_1_288' title='bbox 264 2261 386 2288; x_wconf 78' lang='lat' dir='ltr'>mentum</span> <span class='ocrx_word' id='word_1_289' title='bbox 405 2259 442 2285; x_wconf 79' lang='lat' dir='ltr'>est</span> <span class='ocrx_word' id='word_1_290' title='bbox 462 2256 495 2285; x_wconf 85' lang='lat' dir='ltr'>ad</span> <span class='ocrx_word' id='word_1_291' title='bbox 516 2251 714 2289; x_wconf 60' lang='lat' dir='ltr'>&#39;al-Caridgm,</span> <span class='ocrx_word' id='word_1_292' title='bbox 736 2257 766 2283; x_wconf 86' lang='lat' dir='ltr'>ut</span> <span class='ocrx_word' id='word_1_293' title='bbox 781 2253 856 2282; x_wconf 84' lang='lat' dir='ltr'>docet</span> <span class='ocrx_word' id='word_1_294' title='bbox 874 2245 1082 2284; x_wconf 66' lang='lat' dir='ltr'>&#39;Iba-callim.</span> <span class='ocrx_word' id='word_1_295' title='bbox 1107 2249 1155 2289; x_wconf 87' lang='lat' dir='ltr'>qui</span> <span class='ocrx_word' id='word_1_296' title='bbox 1181 2249 1260 2278; x_wconf 83' lang='lat' dir='ltr'>etiam</span> <span class='ocrx_word' id='word_1_297' title='bbox 1279 2248 1357 2277; x_wconf 85' lang='lat' dir='ltr'>huius</span> <span class='ocrx_word' id='word_1_298' title='bbox 1377 2247 1618 2278; x_wconf 73' lang='lat' dir='ltr'>&#39;Ibno-&#39;z-Zobairi</span> <span class='ocrx_word' id='word_1_299' title='bbox 1639 2250 1719 2278; x_wconf 77' lang='lat' dir='ltr'>vitam</span> <span class='ocrx_word' id='word_1_300' title='bbox 1740 2250 1842 2288; x_wconf 64' lang='lat' dir='ltr'>scripsit</span> 
     </span>
     <span class='ocr_line' id='line_1_35' title="bbox 260 2308 728 2349; baseline -0.006 -9"><span class='ocrx_word' id='word_1_301' title='bbox 260 2311 314 2349; x_wconf 87' lang='lat' dir='ltr'>(ed.</span> <span class='ocrx_word' id='word_1_302' title='bbox 331 2311 364 2340; x_wconf 86' lang='lat' dir='ltr'>de</span> <span class='ocrx_word' id='word_1_303' title='bbox 383 2310 478 2345; x_wconf 78' lang='lat' dir='ltr'>Slane,</span> <span class='ocrx_word' id='word_1_304' title='bbox 500 2309 523 2338; x_wconf 90' lang='grc' dir='ltr'>Ι.</span> <span class='ocrx_word' id='word_1_305' title='bbox 544 2319 572 2348; x_wconf 89' lang='lat' dir='ltr'>p.</span> <span class='ocrx_word' id='word_1_306' title='bbox 587 2308 728 2347; x_wconf 85' lang='lat'><strong>75-77).</strong></span> 
     </span>
    </p>

    <p class='ocr_par' dir='ltr' id='par_1_18' title="bbox 188 2354 1547 2403">
     <span class='ocr_line' id='line_1_36' title="bbox 188 2354 1547 2403; baseline -0.006 -8"><span class='ocrx_word' id='word_1_307' title='bbox 188 2365 236 2403; x_wconf 86' lang='lat'>16)</span> <span class='ocrx_word' id='word_1_308' title='bbox 264 2365 333 2394; x_wconf 87' lang='lat' dir='ltr'>Vide</span> <span class='ocrx_word' id='word_1_309' title='bbox 351 2374 432 2403; x_wconf 86' lang='lat' dir='ltr'>supra</span> <span class='ocrx_word' id='word_1_310' title='bbox 448 2374 475 2403; x_wconf 88' lang='lat' dir='ltr'>p.</span> <span class='ocrx_word' id='word_1_311' title='bbox 490 2363 555 2392; x_wconf 89' lang='lat'><strong>181.</strong></span> <span class='ocrx_word' id='word_1_312' title='bbox 757 2360 805 2396; x_wconf 82' lang='lat'>17)</span> <span class='ocrx_word' id='word_1_313' title='bbox 825 2359 892 2389; x_wconf 80' lang='lat' dir='ltr'>Vide</span> <span class='ocrx_word' id='word_1_314' title='bbox 913 2359 960 2388; x_wconf 92' lang='lat' dir='ltr'>hos</span> <span class='ocrx_word' id='word_1_315' title='bbox 973 2357 1064 2387; x_wconf 67' lang='lat' dir='ltr'>versus</span> <span class='ocrx_word' id='word_1_316' title='bbox 1083 2357 1151 2386; x_wconf 82' lang='lat' dir='ltr'>infra</span> <span class='ocrx_word' id='word_1_317' title='bbox 1168 2357 1196 2386; x_wconf 82' lang='lat' dir='ltr'>in</span> <span class='ocrx_word' id='word_1_318' title='bbox 1211 2356 1294 2395; x_wconf 82' lang='lat' dir='ltr'>capite</span> <span class='ocrx_word' id='word_1_319' title='bbox 1309 2354 1547 2387; x_wconf 67' lang='lat' dir='ltr'>‘Ibno-&#39;l-‘Abbari-</span> 
     </span>
    </p>

    <p class='ocr_par' dir='ltr' id='par_1_19' title="bbox 186 2410 1428 2461">
     <span class='ocr_line' id='line_1_37' title="bbox 186 2410 1428 2461; baseline -0.01 -9"><span class='ocrx_word' id='word_1_320' title='bbox 186 2421 235 2461; x_wconf 83' lang='lat'>18)</span> <span class='ocrx_word' id='word_1_321' title='bbox 263 2419 331 2451; x_wconf 84' lang='lat' dir='ltr'>Vide</span> <span class='ocrx_word' id='word_1_322' title='bbox 347 2429 374 2460; x_wconf 86' lang='lat' dir='ltr'>p.</span> <span class='ocrx_word' id='word_1_323' title='bbox 386 2417 492 2460; x_wconf 82' lang='lat' dir='ltr'>praecd.</span> <span class='ocrx_word' id='word_1_324' title='bbox 511 2427 550 2448; x_wconf 83' lang='lat' dir='ltr'>vs.</span> <span class='ocrx_word' id='word_1_325' title='bbox 565 2416 593 2449; x_wconf 85' lang='lat'>6.</span> <span class='ocrx_word' id='word_1_326' title='bbox 798 2414 846 2453; x_wconf 72' lang='lat'>19)</span> <span class='ocrx_word' id='word_1_327' title='bbox 868 2413 934 2445; x_wconf 83' lang='lat' dir='ltr'>Vide</span> <span class='ocrx_word' id='word_1_328' title='bbox 951 2412 1021 2443; x_wconf 77' lang='lat' dir='ltr'>infra</span> <span class='ocrx_word' id='word_1_329' title='bbox 1040 2412 1069 2443; x_wconf 82' lang='lat' dir='ltr'>in</span> <span class='ocrx_word' id='word_1_330' title='bbox 1087 2412 1169 2451; x_wconf 81' lang='lat' dir='ltr'>capite</span> <span class='ocrx_word' id='word_1_331' title='bbox 1187 2410 1428 2442; x_wconf 68' lang='lat' dir='ltr'>&#39;lbno-&#39;l-Abbari.</span> 
     </span>
    </p>
   </div>
  </div>
 </body>
</html>
