2053 2969
811 207 1119 246 ——405—

182 307 230 340 Tu
249 306 354 349 itaque
370 328 378 343 ,
400 313 419 336 ο
438 303 483 336 mi
499 301 608 336 morbe
626 304 634 335 Ξ
659 312 893 341 remane‚nam
914 307 946 335 te
965 303 1020 336 illa
1041 309 1141 342 amat,
1160 309 1192 337 et
1212 313 1230 336 ο
1252 304 1296 338 mi
1320 303 1474 338 Domine!
1499 305 1610 338 exaudi
1633 317 1733 340 meam
1753 320 1806 340 vo-

225 374 293 396 cem
317 369 350 395 et
370 362 438 394 sine
460 367 497 393 ut
515 371 639 404 semper
659 365 805 404 aegrotus
826 360 904 393 sim!

181 421 366 465 Composuit
383 429 511 463 quoque
528 419 637 451 versus
657 418 690 450 in
709 418 857 451 ancillam
880 418 1036 462 quandam
1057 429 1142 451 suam
1167 430 1263 463 quam
1282 420 1426 460 amabat;
1457 420 1533 454 haec
1557 421 1726 465 aliquando
1750 434 1803 453 co-

136 490 202 512 ram
220 488 266 512 'eo
289 477 391 510 stabat
408 475 561 520 poculum
581 476 610 508 ei
634 477 799 520 porrigens
812 502 820 516 ,
847 477 932 522 quod
952 487 1048 509 manu
1067 476 1217 517 tenebat,
1237 489 1335 523 quum
1355 479 1533 524 splenderet
1553 480 1693 519 fulinen;
1730 487 1804 512 tunc

136 536 304 570 obhorruit
327 535 381 567 illa
393 558 402 573 ‚
424 540 456 566 et
476 533 555 566 dixit
576 533 852 569 ·al-Mo=·t·amidus:

181 593 358 628 Terrefecit
379 603 448 625 eam
466 592 587 624 fulmen
602 616 611 631 ‚
635 592 823 636 splendente
844 594 877 626 in
898 593 965 626 eius
981 604 1076 626 manu
1098 592 1230 625 fulmine
1253 594 1328 626 vini.

178 652 310 686 Utinam
335 651 449 684 scirem
467 649 628 694 quomodo
651 649 706 682 illa
728 661 808 694 quae
829 662 958 684 aurorae
976 657 1021 683 est
1042 650 1110 689 sol,
1131 649 1306 683 luminibus
1326 657 1444 684 terrore
1466 653 1674 696 percutiatur.

178 709 230 743 Ad
249 709 364 742 miram
387 709 567 741 animorum
589 707 792 741 concordiam
813 709 974 753 pertinet,
1000 706 1251 744 'ibn-'Abbi‘idum
1275 708 1420 742 recitasse
1441 710 1698 748 ²Abdo-'l-Galil0
1720 709 1805 740 ·ibn-

136 766 290 799 Wahbsiu
323 777 449 799 versum
479 766 620 810 primum
654 776 793 810 eumque
821 766 946 800 iussisse
976 771 1013 798 ut
1048 764 1087 798 de
1112 775 1168 797 suo
1195 775 1320 798 versum
1349 767 1521 800 secundum
1551 767 1704 803 adderei;
1732 774 1806 798 tunc

135 824 214 857 dixit
237 823 313 858 hic:

177 881 290 926 Neque
313 880 434 914 videbis
458 880 632 926 quidquam
659 880 757 924 magis
775 879 954 913 mitandum
978 890 1074 923 quam
1099 878 1304 912 assuefactam
1330 880 1481 919 amicam,
1505 890 1584 924 quae
1604 887 1724 912 terrore
1747 881 1805 910 im-

220 939 328 984 pletur
345 942 514 984 conspecta
533 951 568 972 re
588 939 637 971 illi
659 938 755 970 simili
771 950 865 983 quam
883 950 979 971 manu
1002 942 1100 970 tenet.

179 998 234 1031 Ait
256 998 481 1042 Abu-'c-Qal't‘
504 999 538 1031 in
558 997 774 1041 ’al-Eadiqc}
791 1003 838 1027 52:
863 996 925 1028 Hic
942 1007 1049 1028 versus
1069 995 1280 1039 praestantior
1300 1001 1346 1028 est
1369 995 1444 1038 quia
1467 1002 1533 1027 tum
1554 995 1647 1027 rerba
1669 996 1804 1037 esqui-i-

134 1056 193 1087 tius
211 1055 357 1088 ordinata
379 1064 451 1088 sunt
465 1079 473 1094 ‚
498 1062 566 1088 turn
588 1054 658 1086 idea
675 1062 704 1085 53
738 1056 862 1099 egregia
878 1061 944 1092 est,
969 1055 1043 1097 quia
1065 1053 1184 1096 optime
1201 1052 1285 1085 inter
1309 1063 1340 1085 se
1362 1058 1541 1096 congruunt
1561 1053 1711 1084 vocabula
1730 1066 1785 1083 as-
1808 1067 1831 1092 p.
1848 1056 1910 1085 5530.

134 1114 322 1154 suefactum
343 1123 417 1144 esse
437 1119 468 1144 et
490 1117 627 1144 terrore
645 1115 806 1157 impleri,
826 1119 858 1146 et
881 1113 954 1155 quia
974 1110 1123 1155 splendor
1143 1110 1286 1143 fulminis
1310 1116 1470 1154 tamquam
1491 1110 1653 1155 splendori
1676 1112 1737 1142 vini
1758 1112 1802 1141 s}—

133 1170 216 1202 milis
237 1169 430 1202 describitur
445 1192 454 1207 ‚
474 1169 549 1200 lieet
569 1170 685 1201 'Emiri
705 1179 809 1201 versus
827 1169 922 1201 etiam
940 1175 1101 1213 praestans
1124 1169 1177 1203 sit.

135 1226 259 1259 Cecinit
276 1237 404 1270 quoque
417 1225 629 1259 ibn-abbati:

179 1286 272 1317 Putat
286 1284 571 1317 'Ommo-'r-Rabi=
588 1293 619 1316 54
640 1290 723 1317 caet.

137 1342 225 1374 Dixit
246 1343 341 1375 etiam
365 1350 418 1377 552

178 1400 306 1433 Sanavit
330 1408 392 1433 tres
418 1401 546 1434 morbos
578 1401 694 1446 quibus
725 1411 816 1433 suum
842 1408 996 1434 amantem
1022 1401 1176 1434 afflixerat
1203 1400 1304 1433 tribus
1336 1399 1460 1432 lenibus
1487 1400 1655 1438 remediis,
1683 1408 1713 1432 et
1740 1401 1799 1431 hoc,

221 1458 317 1491 modo
338 1460 451 1491 avertit
475 1460 566 1492 illum
583 1461 639 1503 qui
666 1471 735 1492 eam
753 1471 824 1492 cum
838 1471 944 1491 amore
960 1460 1165 1498 observabat,
1185 1460 1239 1491 illa
1256 1460 1322 1503 ipsa
1344 1458 1403 1490 hoc
1426 1470 1488 1490 non
1508 1460 1796 1490 animadvertente:

180 1517 324 1558 (Sanavit
351 1518 479 1561 nempe)
508 1518 574 1549 eius
597 1529 723 1549 arcanas
745 1519 952 1561 cogitationes
978 1517 1054 1549 dum
1084 1529 1115 1550 se
1143 1517 1197 1548 sua
1221 1517 1342 1548 cortina
1371 1517 1516 1559 tegebat,
1541 1518 1606 1548 cius
1630 1518 1726 1548 animi
1750 1529 1799 1547 ar—

223 1575 332 1607 dorem
360 1574 434 1606 dum
472 1582 651 1608 constanter
682 1577 741 1620 ipsi
773 1576 819 1607 sui
850 1576 975 1617 copiam
1002 1575 1107 1607 facere
1139 1575 1328 1611 recusabat,
1356 1575 1484 1617 eiusque
1515 1574 1701 1606 dementiam
1725 1575 1799 1606 ‹luin

222 1644 345 1676 semper
364 1624 490 1676 giavem
513 1634 750 1678 modestamque
770 1646 801 1666 se
821 1633 1006 1677 praebebat.

135 1692 254 1724 Auctor
274 1692 368 1723 etiam
390 1698 436 1724 est
456 1694 654 1735 sequentium
680 1702 828 1724 versuum
845 1706 852 1724 e

178 1750 204 1782 Ο
239 1757 272 1782 tu
307 1751 362 1794 qui
393 1762 442 1781 me
471 1751 589 1790 evitas,
615 1750 691 1782 dum
720 1762 777 1794 ego
804 1750 923 1782 nullam
948 1749 1073 1793 culpam
1107 1749 1250 1782 commisi
1280 1758 1359 1792 quae
1383 1747 1520 1791 postulet
1546 1746 1586 1780 'ut
1618 1760 1668 1780 me
1700 1751 1796 1780 evites

221 1819 336 1852 meque
359 1808 496 1840 fastidias
510 1833 519 1847 ,

137 2005 184 2043 52)
212 2005 366 2034 Secundum
390 2000 582 2044 flagi-Calisam
605 2006 655 2042 (ed
681 2005 788 2044 Fh'igel,
815 2005 870 2034 ΙΙΙ.
900 2015 924 2044 p.
944 2005 993 2041 41)
1020 2005 1111 2043 plenus
1133 2004 1219 2042 operis
1249 2002 1341 2031 titulus
1367 2005 1405 2030 est
1424 2002 1533 2033 Lt-gss
1562 2015 1618 2049 :-‘
1646 2009 1793 2034 ;,;”«,,μ>

216 2059 372 2103 υιὸὼᾶδδῖς
396 2064 488 2088 auctor
505 2059 618 2089 'Abii-'c-
626 2059 687 2087 Calt
706 2059 814 2097 Omaija
835 2059 889 2087 -ibn
906 2059 999 2088 Abdi:
1003 2058 1088 2087 l-2azrz
1109 2058 1241 2095 Hispanus
1259 2059 1350 2094 (mor-t
1369 2064 1439 2084 anno
1458 2059 1505 2085 Ar.
1523 2056 1538 2083 5
1543 2055 1591 2093 22])
1611 2057 1675 2086 hanc
1696 2058 1791 2084 antim-

212 2113 308 2150 logiam
329 2115 477 2152 composuit
497 2114 526 2142 in
541 2114 735 2142 imitationem·
728 2112 778 2140 ·al-
779 2113 906 2141 Ja't'imae
921 2115 1028 2140 auctore
1046 2105 1214 2140 ·a‘r'-Ta=alibi.

135 2166 183 2200 53)
214 2165 253 2194 De
272 2165 326 2197 1223
347 2170 374 2195 et
392 2174 494 2214 ῥυ,
517 2168 590 2195 sibi'
584 2168 696 2196 invicem
712 2167 852 2204 oppositis,
870 2166 905 2194 cf.
929 2175 1008 2203 supra
1028 2175 1056 2203 p·
1073 2163 1091 2193 4
1112 2174 1175 2193 ann.
1191 2164 1241 2201 (5).

136 2219 185 2252 54)
215 2220 372 2257 Sequuntur
387 2219 431 2248 hic
448 2231 499 2250 vss.
517 2223 548 2255 1,
562 2221 580 2248 2
591 2224 616 2249 et
629 2220 647 2249 4
665 2221 791 2249 carminis
811 2219 882 2258 quod
899 2229 978 2257 supra
997 2219 1035 2256 (p.
1047 2217 1104 2245 329
1122 2227 1158 2246 τε.
1173 2218 1185 2245 l
1200 2219 1268 2257 sqq.)
1291 2218 1385 2248 Latine
1402 2219 1476 2246 verti.

139 2273 186 2308 55)
216 2271 333 2301 Carmen
351 2283 463 2311 sequens
480 2275 654 2312 compositum
677 2274 784 2303 videtur
801 2275 828 2302 in
845 2273 976 2312 puellam,
999 2281 1079 2310 quam
1094 2270 1312 2300 'al-Mixt'amidus
1329 2276 1460 2301 amaverat
1477 2270 1520 2299 sed
1540 2280 1620 2309 quae.
1643 2275 1792 2299 constanter

215 2336 242 2354 se
267 2326 291 2354 ei
312 2326 468 2354 subtrahens
491 2330 518 2355 et
542 2327 638 2356 indolis
658 2329 814 2367 gravitatem
838 2327 1045 2364 modestiamque
1069 2324 1220 2359 ostendens,
1242 2330 1407 2354 recusaverat
1434 2325 1481 2363 ipsi
1501 2325 1542 2352 sui
1563 2326 1664 2361 copiam
1685 2326 1790 2356 facrre2

216 2389 270 2418 quo
286 2379 386 2409 factum
407 2383 436 2409 ut
452 2384 543 2419 poetae
557 2391 633 2410 amor
648 2382 744 2411 sensim
761 2382 911 2421 sensimque
933 2380 1128 2419 refrigesceret,
1151 2382 1177 2409 et
1196 2378 1254 2415 ille,
1274 2382 1304 2408 ut
1320 2378 1399 2415 dicit,
1420 2379 1452 2408 ab
1468 2388 1498 2408 eo
1516 2382 1664 2407 sanaretur.
