2053 2969
928 243 1236 280 —162—

282 341 402 373 Dirime
420 341 599 372 sociotatem
624 351 717 384 quam
745 350 816 372 cum
839 339 958 371 mundo
977 339 1135 383 huiusque
1160 336 1392 370 habitatoribus
1424 335 1521 368 iniisti
1542 341 1608 373 523,
1638 346 1708 367 narn
1741 344 1819 368 terra
1845 338 1904 385 iarn

330 400 449 431 deserta
474 400 554 431 facta
577 406 642 436 est,
664 405 694 430 et
717 397 861 429 homines
881 399 999 430 mortui
1024 400 1115 430 sunt!

287 459 326 489 Et
347 459 398 489 dic
419 458 536 489 mundo
556 457 719 488 inferiori:
747 456 859 487 celavit
881 456 1047 499 Agmfi't'um
1068 466 1215 487 arcanum
1236 453 1345 485 mundi
1366 452 1536 496 superioris
1559 453 1623 483 5241

285 517 373 548 Celat
403 516 464 547 hoc
500 515 653 559 oppidum
683 514 794 545 mundi
822 515 1064 553 umbraculum,
1089 514 1152 545 imo
1180 513 1273 544 huius
1302 511 1436 543 dedecus
1455 517 1523 548 525,
1550 509 1642 541 talem
1667 510 1789 542 scilicet
1812 522 1903 555 supra

326 586 417 618 quern
435 575 552 618 gloriae
574 573 683 605 vexilla
703 579 857 616 perpetuo
879 573 1097 615 agitabantur3

126 651 150 677 p.
174 640 217 667 70.
286 633 401 670 Illum,
428 634 517 664 cuius
540 643 623 663 nunc
646 630 750 662 hastae
775 631 943 674 cuspides,
969 642 1003 662 ex
1022 630 1131 661 indico
1154 629 1237 660 ferro
1259 628 1359 659 sactae
1374 652 1381 664 ,
1409 627 1558 659 virtutem
1587 626 1733 658 bellicam
1763 639 1907 660 excerce-

328 691 423 729 bant,
449 697 478 721 ct
499 691 588 721 cuius
611 699 694 720 nunc
721 696 814 732 caput
843 689 882 721 de
907 689 1094 720 liberalitate
1116 687 1293 730 cogitabat,
1318 686 1391 717 dum
1415 686 1481 716 eius
1502 684 1582 715 dona
1613 685 1804 717 camelorum
1832 698 1904 718 cen-

330 749 419 780 turiis
440 747 623 778 constabant
646 746 708 784 5263

282 808 375 839 lllum
396 806 440 837 ibi
466 806 551 836 feriit
574 805 713 836 Fortuna
729 829 736 842 ,
763 804 816 835 ubi
838 804 897 835 late
917 804 981 834 susa
1009 809 1038 834 et
1057 802 1157 845 ampla
1178 801 1273 832 lorica
1295 811 1364 831 eum
1390 811 1452 832 uon
1478 801 1617 844 tegebat:
1640 802 1796 840 Fortuna,
1816 803 1905 834 cuius

327 864 519 896 calamitates
541 869 613 894 sunt
636 861 694 892 tela
722 869 805 893 recte
828 861 984 892 ferientia.

284 923 384 965 Aegre
410 921 547 953 ferebam
564 946 571 959 ‚
597 927 732 951 attamen
759 927 886 951 catenae
914 920 944 950 in
971 931 1006 950 eo
1035 918 1219 962 serpebant.-
1247 916 1406 959 quomodo
1436 918 1518 948 enim
1546 929 1607 949 non
1634 929 1723 961 aegre
1753 919 1904 951 ferremus

327 986 484 1023 serpentes
509 980 539 1010 iu
563 977 688 1009 hortis?

284 1038 502 1070 llallucinatus
525 1047 591 1067 sum
608 1060 616 1073 ‚
635 1035 877 1068 similitudinem
899 1046 1051 1078 quaerens
1076 1036 1158 1066 inter
1183 1045 1274 1066 zonas
1291 1058 1299 1072 ,
1327 1044 1406 1077 quae
1427 1041 1515 1065 antea
1541 1034 1569 1065 ei
1597 1041 1683 1066 erant
1710 1035 1852 1077 alligatae
1877 1044 1906 1068 et

328 1096 382 1127 has
408 1095 580 1137 (catenas):
608 1105 679 1125 nain
702 1094 821 1136 species
842 1101 913 1125 sunt
935 1093 1074 1124 diversae
1094 1099 1150 1124 527.

284 1154 354 1185 Dixi
376 1155 488 1186 etiam:
516 1159 586 1183 sunt
611 1151 643 1182 hi
671 1153 772 1183 crines
802 1152 832 1182 in
854 1150 959 1182 medio
984 1153 1105 1194 capite:
1131 1153 1176 1192 (at
1195 1161 1265 1180 mox
1287 1148 1501 1192 cogitabam)x
1528 1161 1582 1181 cur
1608 1163 1678 1183 vero
1703 1152 1733 1182 l1i
1758 1163 1907 1194 μαυρω-

332 1218 395 1243 tere
418 1211 560 1254 dispositi
579 1217 646 1241 sunt
672 1221 687 1241 a
709 1210 812 1252 eapite
834 1220 937 1240 versus
959 1210 1053 1252 pedes
1076 1208 1246 1252 pendentes
1270 1207 1342 1238 528?

237 1359 305 1393 523)
324 1358 433 1387 Phrasiu
462 1365 519 1397 ²⁵⁹er
545 1361 621 1400 0023
643 1357 686 1385 hic
707 1345 757 1405 (oye
775 1358 910 1396 sequitur,
932 1360 960 1385 ut
981 1357 1050 1384 infra
1073 1357 1099 1384 in
1121 1356 1203 1394 capite
1220 1355 1251 1384 de
1271 1355 1409 1393 ·ar-Ra·;·ro
1428 1356 1483 1385 MS.
1507 1357 1538 1384 Α.
1559 1356 1583 1385 Ι.
1605 1367 1631 1395 p.
1653 1358 1698 1385 55.

235 1439 306 1477 52¹1}
327 1439 470 1477 Compar-at
494 1438 537 1467 hic
562 1441 638 1476 poeta
654 1437 886 1466 ·a1-1tlo=t;11nidmn
909 1447 970 1466 curu
998 1439 1093 1470 causa,
1122 1437 1274 1465 hominibus
1293 1436 1413 1470 occulta,
1442 1447 1526 1475 quae,
1557 1437 1583 1465 in
1605 1439 1786 1475 superioribus
1811 1440 1904 1467 mundi

329 1493 481 1531 regionibus
501 1492 589 1521 sedem
614 1492 727 1526 habens,
754 1491 831 1519 efficit
850 1494 879 1519 ut
896 1492 984 1520 omnia
1004 1491 1140 1519 terrestria
1158 1490 1306 1519 secundum
1329 1493 1413 1518 certas
1430 1489 1497 1528 leges
1514 1490 1673 1527 procedant:
1693 1492 1708 1519 i.
1722 1502 1743 1520 e.
1764 1501 1824 1520 curn
1849 1495 1903 1520 lieo

326 1546 459 1575 invisibili.
481 1563 521 1568 —
538 1546 681 1575 Caeterum
703 1545 817 1574 notanda
838 1549 875 1573 est
892 1546 1063 1584 significatio,
1084 1555 1163 1584 quarn
1177 1545 1220 1572 hic
1239 1554 1293 1572 voc.
1317 1544 1406 1586 oe-Jls:
1428 1543 1517 1572 habet.

236 1599 306 1635 524)
327 1599 417 1633 Vides,
441 1610 493 1628 esse
510 1600 597 1628 lusum
614 1599 758 1628 verborum
775 1600 844 1627 inter
866 1598 943 1630 <lif-w
967 1603 992 1627 et
1020 1598 1111 1630 sija.
1154 1599 1277 1626 Primum
1296 1597 1359 1625 dicit
1381 1601 1454 1635 poeta
1468 1619 1474 1631 ‚
1496 1598 1639 1636 'paginatam
1660 1597 1744 1625 celare
1763 1599 1838 1627 talem
1858 1601 1904 1637 qni

326 1653 427 1681 mundo
446 1653 595 1680 umbraculi
618 1654 701 1680 instar
721 1657 793 1686 erat,
806 1653 849 1680 sed
863 1674 869 1685 ,
891 1663 917 1680 se
937 1653 1022 1690 ipsum
1039 1653 1193 1692 corrigens,
1209 1652 1298 1685 addit,
1320 1652 1374 1679 imo
1392 1652 1469 1679 talem
1489 1653 1536 1690 qui
1556 1653 1635 1680 istum
1652 1652 1783 1680 mundum
1801 1663 1906 1681 summo

330 1707 457 1735 dedecore
479 1707 579 1741 affecit,
602 1708 663 1744 quia
686 1707 783 1734 scilicet
805 1706 846 1734 hie
865 1706 1095 1735 ul-ttlozt'amidnm
1120 1707 1228 1744 indigne
1248 1709 1273 1734 et
1292 1705 1387 1734 iniuste
1408 1708 1583 1740 tractaverat,
1602 1708 1627 1734 et
1649 1716 1675 1733 se
1703 1706 1790 1743 ipsum
1809 1717 1906 1745 oppro—

326 1761 384 1788 brio
406 1765 571 1797 exposuerat.

242 1826 309 1861 526)
328 1827 359 1854 Ni
382 1827 473 1861 fallor,
491 1831 564 1864 poeta
579 1826 621 1854 hic
640 1826 707 1854 ludit
726 1827 753 1854 in
773 1827 895 1864 ambigua
915 1827 983 1854 vocis
1007 1809 1089 1866 Ξκίρΐὶ
1111 1828 1322 1865 significatione:
1347 1838 1406 1856 nain
1431 1815 1501 1867 3,ng
1525 1829 1581 1853 tuin
1605 1827 1739 1863 cmpidem
1763 1827 1853 1854 hastae
1869 1829 1908 1855 vel

320 1880 431 1908 aliarum
465 1891 557 1908 rerum
580 1884 736 1913 acutarum,
767 1884 822 1907 tum
850 1886 929 1917 caput
956 1882 1089 1918 exprunit.
1120 1898 1160 1903 —
1190 1882 1313 1909 Reiskitis
1342 1882 1412 1909 hunc
1437 1890 1543 1908 versum
1569 1880 1647 1907 vertit
1673 1880 1698 1908 in
1724 1880 1909 1908 A}>{1-t-s‹1‹lai

324 1933 426 1962 Annal.
446 1934 570 1962 Moslinz.
591 1934 643 1962 111.
668 1944 696 1971 p.
715 1933 789 1967 305,
809 1933 851 1961 sed
878 1934 911 1961 ita
939 1935 1182 1971 παραφραστικαῖς
1206 1938 1233 1962 ut
1258 1935 1371 1963 nesciam
1391 1945 1424 1962 an
1447 1934 1536 1962 eodeni
1557 1933 1635 1961 ruodo
1655 1933 1729 1962 illuni
1753 1934 1908 1971 explicuerit

327 1991 404 2025 atque
421 1997 475 2026 ege.

241 2040 309 2075 527>
331 2041 415 2074 Zona,
438 2041 538 2088 ΟΨ
560 2040 646 2075 dicta,
667 2040 824 2068 inserviebat
850 2041 963 2067 mammis
988 2040 1133 2068 condendis
1147 2061 1154 2073 ‚
1175 2044 1204 2068 ut
1224 2042 1250 2069 in
1281 2052 1359 2080 opere
1379 2053 1401 2071 c.
1420 2047 1438 2071 t.
1464 2042 1605 2070 Dz'ctc'onn.
1627 2041 1679 2068 det.
1706 2041 1751 2068 des
1769 2051 1840 2068 novas
1862 2042 1907 2068 des

326 2096 466 2122 vetemenls
487 2095 550 2122 chez
572 2095 609 2121 les
632 2094 740 2122 Arabes
764 2094 878 2131 exposui.
924 2094 998 2122 Hanc
1022 2104 1114 2122 zonaru
1138 2099 1273 2132 comparat
1295 2100 1369 2133 poeta
1390 2106 1452 2124 ctnn
1479 2096 1576 2124 catenis
1596 2095 1693 2132 quibus
1712 2105 1784 2122 nunc
1806 2095 1907 2122 cinctus

328 2151 382 2175 erat
398 2148 634 2182 ·at-.tlo:famidus,
654 2149 722 2186 regis
744 2148 949 2181 liberalitatem,
967 2158 1050 2185 quun]
1071 2158 1153 2185 regno
1177 2149 1318 2187 gauderet.
1342 2150 1463 2179 innuens.

241 2199 309 2235 528)
328 2200 460 2229 Moslimis
482 2211 538 2228 mos
553 2205 590 2228 est
608 2204 637 2228 ut.
656 2204 740 2229 toturn
759 2205 836 2238 caput
856 2201 968 2234 radant,
988 2202 1099 2238 exceptis
1122 2205 1224 2230 lantum
1246 2203 1366 2231 crinibus
1388 2203 1415 2231 in
1434 2202 1522 2231 medio
1541 2202 1640 2240 capite;
1664 2201 1697 2228 cs.
1721 2200 1752 2228 de
1772 2201 1818 2228 hac
1840 2211 1906 2229 con-

327 2254 464 2281 suetudine
485 2254 558 2281 etde
577 2254 647 2287 eius,
665 2264 731 2292 quae
754 2256 853 2288 fertur,
876 2256 966 2287 causa,
990 2255 1064 2282 Lane
1079 2255 1197 2283 Alodern
1218 2256 1379 2294 Egyptians
1402 2257 1425 2285 Ι.
1448 2267 1474 2293 p.
1492 2256 1538 2283 38.
1582 2255 1616 2283 Hi
1639 2255 1743 2287 crines,
1767 2257 1794 2282 ut
1813 2264 1860 2292 per
1879 2265 1905 2282 se

332 2306 506 2344 intelligitur,
527 2310 599 2334 retro
622 2308 749 2345 pendunt.
805 2308 919 2336 Catenae
943 2311 1033 2336 autem
1055 2308 1255 2337 ·at-Mo:²t'amidi
1277 2320 1339 2338 curn
1362 2311 1458 2348 quibus
1478 2309 1524 2337 hos
1546 2309 1632 2338 crines
1653 2311 1788 2345 comparat
1813 2311 1905 2344 poeta,

333 2360 431 2387 collum
455 2359 658 2388 circumdedisse
676 2364 701 2389 et.
723 2362 817 2390 deinde
844 2362 875 2390 ad
896 2361 974 2399 pedes
993 2360 1153 2390 descendisse
1176 2362 1316 2392 videntur:
1340 2366 1502 2402 quapropter
1522 2363 1586 2392 dicit
1604 2372 1645 2392 eas
1665 2365 1831 2400 praepostere
1853 2371 1905 2389 esse

333 2413 467 2451 dispositas
491 2415 515 2441 et
532 2423 585 2441 nou
600 2413 676 2441 solito
695 2414 774 2442 modo
795 2418 884 2450 retro,
905 2414 949 2443 sed
968 2418 1028 2444 aute
1044 2415 1170 2454 pendere.
