2053 2969
820 188 890 196 —
939 169 1129 206 335-

186 265 320 307 Montita
339 273 412 300 sunt
432 272 502 299 vota
525 271 626 299 vestra
637 263 665 290 ⁶¹
690 263 754 297 sive
777 269 884 307 aperte
898 264 1082 308 loquentia,
1107 264 1170 297 sive
1190 264 1322 298 obscure
1341 265 1571 306 balbutientia3
1595 267 1726 312 (cogita)
1747 269 1804 304 Dei

227 326 416 369 virtutisque
436 324 558 356 cultum
576 324 698 355 firmius
715 321 792 365 quid
815 332 880 353 esse
896 345 904 358 ‚
922 327 953 354 et
971 333 1156 366 generosum
1174 325 1314 357 animum
1339 326 1436 369 magis
1458 325 1620 358 honorari.

183 384 306 418 Perfide
324 384 428 427 egistis
443 407 452 421 ,
476 389 508 415 et
525 381 717 425 expetivistis
740 391 789 412 me
817 379 938 422 perfide
962 387 1128 421 acturum;
1154 381 1305 415 duntaxat
1335 395 1408 416 vero
1438 384 1562 416 efficere
1583 383 1747 417 studuistis
1769 392 1804 418 ut

225 442 300 474 levis
323 442 420 472 instar
442 441 489 472 rei
515 440 684 472 tolleretur
701 449 789 470 mons
806 438 1012 471 Jelamlamz'!

181 500 222 532 Et
248 498 390 531 voluistis
418 509 566 542 angorem
597 498 757 530 concitare
786 497 931 540 pectori,
963 497 1047 541 quod
1080 510 1194 542 angore
1217 510 1380 543 nunquam
1413 510 1554 543 pressum
1579 505 1643 532 est:
1678 507 1710 534 et
1731 513 1805 534 vero

224 557 310 589 enim
329 556 435 588 hastae
458 557 490 588 iu
514 555 603 599 (ipsis
624 555 734 598 etiam)
756 554 937 599 iugulorum
959 556 1056 589 foreis
1074 557 1274 600 franguntur.

177 615 218 648 Et
237 616 371 648 irruistis
393 626 466 647 cum
490 615 573 646 inani
591 614 749 646 calumnia
773 615 871 646 vestra
896 614 929 647 in
956 616 1059 648 virum
1078 627 1135 648 usu
1155 622 1338 660 expertum,
1359 616 1414 659 qui
1433 627 1595 660 nunquam
1617 617 1711 651 desiit
1738 619 1804 651 sor-

222 674 297 706 titer
317 684 457 718 pugnare
480 684 552 705 cum
569 674 655 716 gravi
681 673 859 705 infortunio
882 673 1028 717 illudque
1050 675 1082 705 in
1106 674 1212 717 sugam
1232 680 1353 707 vertere
1371 674 1415 706 ⁶2.

178 730 344 773 Quomodo
365 743 490 776 sperare
510 731 656 775 potuistis
674 731 832 775 perfidum
860 732 928 764 fore
955 732 1115 776 aliquem,
1142 744 1235 775 quem
1266 733 1386 777 experti
1413 733 1486 765 estis
1512 732 1587 766 fidei
1613 741 1801 774 servantem,
1824 749 1848 777 p.
1860 740 1925 768 303.

219 796 252 822 et
272 789 424 822 iniustum
454 791 522 822 fore
545 790 640 822 talem
656 815 664 828 ‚
685 791 740 833 qui
763 791 897 822 iniustus
918 801 982 822 esse
1006 802 1069 822 non
1094 790 1202 822 solet?

175 847 244 891 Ego
269 848 315 879 vir
338 848 394 880 ille
415 860 503 882 sum:
529 848 612 893 apud
635 860 686 881 me
708 849 832 881 fructos
856 860 920 881 non
943 849 1004 882 fert
1029 849 1206 892 iniquitatis
1226 849 1355 894 planta,
1381 859 1439 881 nec
1463 848 1599 885 diruitur
1615 852 1806 885 benefacto-

217 916 287 937 rum
308 905 506 940 aedificium.

172 963 239 996 lam
259 965 420 997 continete
437 977 510 999 vos:
536 966 584 998 sin
606 966 710 998 minus
726 990 734 1004 ‚
755 971 934 1010 exspectate
955 965 1130 998 violentum
1155 964 1308 1010 impetum
1329 977 1435 999 meum
1458 965 1570 1006 talem,
1592 968 1680 1012 quali
1699 969 1802 1012 excipi

217 1022 297 1054 solet
321 1023 434 1056 stultus
456 1031 487 1057 et
514 1024 583 1066 (suo
611 1023 740 1066 damno)
765 1024 906 1068 prudens
928 1023 1031 1056 reddi.

172 1079 223 1113 Ad
241 1079 303 1112 hoc
326 1092 452 1113 carmen
479 1093 663 1124 responsum
691 1083 820 1126 scripsit
840 1081 1086 1115 Abu-'l-Walid
1102 1106 1111 1121 ‚
1139 1082 1171 1113 in
1197 1092 1260 1125 quo
1291 1081 1560 1126 (·al-M0=⁷t'amido)
1582 1084 1697 1127 gratias
1716 1085 1798 1128 agit,

128 1136 258 1180 longum
278 1149 392 1182 nempe
417 1150 542 1170 carmen
558 1163 566 1177 ,
593 1140 624 1170 in
645 1150 707 1182 quo
727 1141 793 1172 ait:

170 1195 231 1228 Dic
253 1194 379 1228 iniustis
400 1197 466 1228 istis
489 1197 561 1228 viris
576 1220 584 1233 ,
608 1197 662 1239 qui
684 1198 786 1228 nervis
804 1198 946 1229 attractis
967 1208 1112 1229 resonare
1136 1197 1257 1230 faciunt
1281 1199 1372 1229 arcos
1404 1210 1498 1232 suos:
1528 1211 1600 1232 sane
1626 1200 1797 1240 videbitis,

214 1265 295 1297 quos
320 1254 397 1286 istae
428 1256 558 1297 sagittae
583 1254 751 1288 occidant:

174 1311 236 1344 Vos
263 1312 419 1345 celavistis
441 1319 472 1345 at
501 1312 580 1345 vidit
596 1319 710 1356 'tamen
743 1313 775 1345 in
804 1313 869 1344 imo
895 1319 1023 1356 pectore
1052 1312 1194 1344 abditum
1217 1319 1353 1345 vestrum
1376 1324 1524 1347 arcanum
1545 1314 1575 1345 ⁶3
1599 1317 1646 1347 vir
1672 1328 1742 1350 acer
1764 1325 1797 1350 et

214 1376 357 1413 promtus
376 1395 384 1408 ,
410 1371 465 1414 qui
489 1370 605 1402 indicio
627 1371 709 1402 sacto
730 1370 809 1402 illud
832 1378 1027 1414 compertum
1051 1371 1183 1408 habuit,
1206 1369 1311 1402 divino
1332 1371 1482 1404 instinctu
1504 1375 1655 1413 edoctus;

170 1427 242 1461 Non
262 1428 343 1460 valet
358 1428 481 1461 efficere
496 1453 504 1466 ‚
529 1436 564 1461 ut
583 1428 791 1460 mansuetudo
811 1428 1046 1465 lllohammedc's
1060 1428 1325 1473 (al-Moit‘amida‘)
1345 1440 1361 1460 a
1381 1436 1475 1473 pacto
1497 1442 1552 1463 suo
1573 1431 1718 1471 deficiat,
1743 1444 1795 1466 re-

213 1485 378 1519 conditum
401 1485 508 1519 odium
529 1487 643 1520 mentis
666 1487 823 1531 vituperio
842 1486 974 1530 dignum
992 1486 1036 1520 64.

203 1601 290 1641 operis
306 1601 379 1637 loco,
396 1600 443 1630 ubi
461 1600 488 1629 in
502 1599 598 1630 Codice
617 1603 706 1630 nostro
723 1600 791 1638 (MS.
806 1599 842 1630 19
854 1599 886 1629 Β.
907 1598 955 1628 fol.
968 1599 1006 1629 25
1017 1599 1072 1637 v.)‚
1090 1590 1277 1638 ipsaauctoris
1293 1607 1376 1628 manu
1394 1599 1506 1639 scripto,
1525 1600 1641 1641 legitur:
1662 1590 1712 1653 &j
1734 1604 1794 1635 td&

1543 1655 1692 1690 &bl-uadi
1716 1657 1794 1689 2⁴53&

124 1707 175 1744 61)
206 1706 286 1736 Edidi
307 1706 397 1756 ffb&
416 1716 447 1736 ex
462 1706 678 1741 'Iba-Bassfimo,
699 1706 803 1735 duobus
822 1705 964 1735 Codicibus
982 1705 1068 1743 operis
1087 1703 1265 1742 ·al-Qal‹iyid
1281 1705 1386 1743 optimis
1399 1706 1430 1734 A.
1446 1708 1471 1734 et
1486 1706 1547 1744 Ga,
1570 1713 1596 1738 et
1615 1720 1646 1738 ex
1663 1710 1792 1739 ’nmo-q-

204 1755 316 1796 Cattho,
346 1764 372 1789 et
395 1761 471 1789 facile
499 1761 609 1789 eandem
630 1761 769 1789 lectionem
799 1760 827 1788 in
853 1759 920 1788 Cod.
941 1759 974 1787 B.
997 1759 1083 1798 operis
1105 1758 1282 1796 ·al-Qalciyid
1307 1758 1372 1794 (vid.
1399 1758 1439 1788 Cl.
1466 1759 1579 1799 Weijers
1602 1763 1680 1801 Spec.
1708 1774 1735 1802 p.
1752 1764 1790 1793 53

200 1824 265 1843 ann.
285 1815 331 1851 (s))
358 1815 483 1853 agnoscis.
532 1815 626 1844 Lectio
650 1825 664 1843 a
686 1814 824 1852 Weijersio
852 1812 980 1846 admissa,
1006 1814 1117 1858 ism,
1150 1813 1229 1841 unico
1251 1813 1334 1851 igitur
1363 1812 1460 1842 Codice
1488 1815 1613 1845 Gothano
1634 1818 1720 1855 operis
1740 1817 1792 1846 ‘al-

189 1868 326 1906 -Qaldyid
341 1869 456 1903 nititur,
484 1869 530 1908 qui
550 1869 611 1897 satis
630 1868 714 1897 malus
733 1871 771 1896 est
789 1871 813 1896 et
831 1867 963 1896 recentior
989 1876 1069 1905 quam
1091 1866 1186 1895 caeteri
1203 1875 1305 1895 omneS.
1326 1882 1365 1889 —
1387 1867 1522 1897 Sententia
1539 1873 1594 1898 est:
1615 1874 1707 1900 votum
1731 1882 1790 1901 ves-

199 1925 290 1956 trum,
310 1922 351 1951 vel
372 1925 462 1960 aperte
477 1922 518 1950 vel
535 1923 647 1951 obscure
669 1921 832 1955 indicatum,
852 1921 880 1949 in
899 1921 1009 1948 irritum
1026 1920 1131 1949 cecidit.

120 1975 170 2012 62)
198 1975 354 2005 Secundum
376 1976 490 2013 Qtsujt
513 1985 576 2004 cum
588 1975 726 2014 Weijersio
746 1974 860 2012 &bvi
885 1977 910 2012 (a
927 1974 1009 2002 verbo
1028 1975 1133 2014 ι.),ςκ,ε)
1150 1972 1336 2011 pronuntiavi,
1359 1972 1431 2012 quod
1449 1976 1537 2003 tamen
1554 1975 1688 2013 quomodo
1706 1976 1788 2005 robur

201 2057 351 2096 significare
369 2057 449 2096 possit
464 2067 518 2085 non
539 2055 623 2085 video.
652 2055 861 2094 Explicationem
879 2055 1036 2085 Scholiastae
1060 2055 1176 2083 Gothani
1197 2058 1302 2083 secutus
1326 2064 1402 2089 sum,
1427 2057 1452 2084 et
1472 2057 1658 2090 infortunium
1674 2057 1716 2085 vel
1745 2068 1789 2087 res

195 2112 307 2149 gravis,
329 2111 431 2146 ardua,
455 2114 592 2150 tamquam
611 2110 692 2138 hostis
709 2110 887 2148 proponitur,
909 2109 952 2137 cui
970 2119 1075 2146 semper
1093 2109 1198 2137 fortiter
1215 2119 1242 2137 se
1257 2109 1377 2147 opposuit
1394 2119 1445 2139 rex.
1485 2109 1527 2139 Ad
1547 2109 1636 2139 locum
1653 2110 1788 2148 explican-

197 2163 263 2193 dum
280 2165 379 2204 aliquid
399 2165 478 2193 etiam
496 2165 599 2193 confert
616 2164 722 2193 varians
740 2167 766 2192 et
783 2163 885 2191 facilior
904 2162 982 2191 lectio
997 2162 1196 2191 ‘Iba-Bassania·
1216 2165 1241 2191 et
1263 2163 1368 2191 Codicis
1387 2163 1419 2191 A.
1439 2162 1553 2200 &5235
1575 2168 1622 2213 &³
1642 2165 1693 2204 qui
1710 2174 1781 2193 nun-

198 2227 276 2255 quam
294 2218 377 2246 desiit
384 2219 506 2256 sortiter·
517 2228 663 2258 pugnare,
686 2218 842 2256 infortunio
865 2217 1023 2251 invadente,
1045 2222 1070 2245 et
1089 2217 1194 2253 (hostes)
1213 2218 1243 2245 z'n
1252 2218 1352 2255 sugam
1371 2221 1483 2246 vertere.

120 2282 170 2320 0'3)
200 2274 289 2332 ὲςυ
310 2294 364 2314 non
383 2295 446 2315 cum
463 2285 604 2325 Weijersio
625 2294 676 2324 pro
693 2284 775 2314 Infin-
799 2283 902 2320 habeo,
924 2283 970 2313 sed
986 2294 1037 2322 pro
1055 2284 1225 2314 substantivo,
1268 2283 1309 2313 Ad
1330 2282 1451 2313 literam:
1472 2284 1601 2313 arcanum
1622 2294 1782 2314 arcanorum

198 2340 354 2366 uestrorum.

119 2402 170 2441 64)
198 2402 375 2434 Pronuntiavi
393 2398 463 2446 μ.)
481 2406 542 2444 quia
559 2415 639 2445 supra
662 2407 701 2446 (p.
717 2405 756 2438 54
776 2416 812 2437 vs.
824 2405 854 2445 5)
873 2406 902 2437 in
923 2405 1122 2437 ·al-Mot'amidi
1139 2405 1258 2437 carmine
1277 2404 1328 2435 hoe
1350 2404 1511 2436 vocabulum
1531 2405 1670 2436 manifesto
1691 2405 1781 2434 odium
