2053 2969
836 218 1026 255 —403
1075 239 1144 247 —

197 314 246 349 Ad
270 314 430 347 silentium
455 324 504 346 me
526 312 648 357 redegit
671 312 863 346 beneficium
885 313 916 344 36
939 314 1031 358 quale
1055 315 1237 360 loquentem
1257 317 1426 362 quominus
1451 319 1600 363 loquatur
1617 320 1762 366 impedit.

195 373 233 408 Si
254 384 310 416 ego
331 371 411 404 illud
428 382 492 403 non
510 376 545 402 ut
567 371 611 402 sas
636 376 703 402 erat
720 370 895 415 descripsi,
919 371 1012 416 culpa
1032 379 1079 405 est
1098 373 1173 406 doni
1196 374 1405 419 pulchritudo
1427 377 1536 420 (quam
1559 390 1616 422 ego
1635 380 1701 413 sine
1721 381 1819 414 inter—

238 431 388 463 missione
410 426 624 471 contemplor)
649 432 681 459 et
706 438 787 471 quae
804 439 854 461 me
873 431 1041 473 quominus
1066 431 1145 464 illud
1168 432 1343 466 describam
1360 433 1506 477 impedit.

197 489 284 521 Inter
304 499 338 520 ea
354 490 500 530 poemata
517 485 550 517 in
570 484 686 528 quibus
711 484 827 517 amicos
849 496 920 519 suos
947 487 1120 532 alloquitur
1134 513 1142 528 ,
1167 496 1239 522 sunt
1261 497 1425 535 sequentes
1442 493 1547 524 versus
1561 517 1569 532 ,
1594 505 1672 538 quos
1693 496 1820 540 scripsit

151 545 188 578 ad
212 545 375 577 Wezrrum
404 553 496 574 suum
518 541 689 575 Abu-Beer
709 541 909 579 lllohammed
933 545 1163 578 'ibn-Ammfir:

194 604 299 644 Quum
328 607 363 633 tu
396 600 539 638 abesses,
561 599 644 643 fugit
669 609 776 632 meum
806 602 934 635 oculum
958 614 1107 643 somnus,
1136 602 1211 636 licet
1237 614 1310 637 eum
1337 615 1446 638 somno
1465 615 1626 651 gravatum
1648 609 1760 644 vellem
1783 617 1818 644 tu

237 669 336 702 quum
357 656 468 690 absens
491 668 581 691 esseS.

193 715 328 759 Rogavit
343 725 394 747 me
415 713 470 748 ille
488 726 582 759 quem
602 713 641 746 ad
663 719 694 748 te
716 714 882 750 mittebam
898 741 907 757 ‚
926 717 1050 762 qualem
1070 718 1219 751 nuntium
1240 717 1278 751 ad
1300 725 1330 752 te
1350 719 1469 755 laturus
1491 729 1568 756 esset
1586 736 1592 755 :
1620 730 1694 756 tunc
1714 726 1743 758 ei
1762 735 1816 757 cor

236 782 344 804 meum
364 770 459 811 dedi,
482 783 533 805 me
553 771 636 816 apud
658 783 731 805 eum
751 783 912 809 excusans.

143 834 248 875 Quam
267 831 438 876 pulchrum
461 836 508 862 est
529 829 652 863 dictum
668 831 873 865 Abu-Parasi
891 839 922 863 37
941 832 1232 869 Saifo-'d-daulam
1249 832 1401 866 allocuti:
1852 854 1877 877 ρ,
1892 845 1956 873 337,

188 891 240 924 Me
258 892 362 934 ipsum
382 889 466 921 dono
485 887 580 928 dedi,
602 899 674 921 nam
695 889 814 922 nobilis
844 895 965 921 tantum
986 889 1078 922 datur
1098 890 1214 923 nobili.
1852 879 1859 881 -

191 947 233 980 Et
255 958 334 990 quae
352 945 552 990 possidebam
572 944 655 978 dono
676 945 750 978 dedi
768 945 845 984 tali,
860 946 912 978 cui
925 971 934 985 ,
947 947 973 979 si
994 958 1029 979 ea
1048 948 1226 991 acceperit,
1247 946 1390 980 dicturus
1408 959 1492 982 sum:
1520 950 1599 984 bone
1621 952 1713 986 cedat
1735 953 1812 988 tibi!

144 1005 280 1050 Scripsit
299 1004 496 1040 ‘lbn-Abbad
519 1015 556 1037 ex
578 1004 698 1048 palatio
719 1015 774 1036 suo
797 1003 991 1037 Cordubensi
1013 1005 1051 1038 ad
1073 1005 1241 1040 nonnullos
1260 1017 1332 1039 suos
1350 1007 1486 1039 amicos:

191 1062 326 1106 Propter
344 1073 395 1095 vos
416 1061 537 1094 invidet
560 1063 590 1091 ³8
613 1067 696 1096 caet.

147 1120 283 1165 Scripsit
308 1130 437 1164 quoque
458 1118 496 1150 ad
515 1117 653 1151 sodalem
675 1119 856 1163 quendam,
879 1118 919 1152 ad
938 1120 1045 1153 vinum
1064 1120 1239 1163 potandum
1259 1131 1329 1154 eum
1347 1120 1502 1154 invitans:

192 1178 219 1212 Ο
241 1178 360 1215 amice,
383 1186 446 1219 quo
467 1174 596 1206 absente
617 1184 649 1206 39
670 1183 752 1211 caet,

139 1237 189 1270 'Et
209 1235 335 1280 scripsit
356 1233 396 1266 ad
423 1231 650 1265 Abu-Remum
672 1233 925 1271 Mohammedem
941 1232 1176 1270 ’ibn-&munira

193 1293 343 1326 visitavit
368 1302 425 1324 nos
447 1289 603 1325 narcissus
618 1289 759 1335 fragrans
778 1298 808 1322 41
832 1299 915 1326 caet.

188 1352 280 1385 Tunc
300 1350 477 1384 Aba-Beer
497 1349 536 1382 ad
559 1349 669 1395 palatii
689 1355 813 1393 portam
834 1360 869 1384 se
893 1349 1029 1385 contulit
1054 1355 1088 1384 et
1115 1349 1241 1395 scripsit
1261 1348 1301 1383 ad
1320 1350 1591 1386 ·a1-Mo=t·amidum
1614 1353 1790 1389 chartulam
1805 1379 1814 1395 ,

144 1411 178 1444 in
201 1410 264 1454 qua
287 1413 453 1453 sequentes
478 1413 568 1441 erant
591 1408 720 1442 versus:

190 1468 331 1507 Adsum,
355 1466 483 1506 adsum,
508 1473 589 1500 caet.

136 1527 191 1561 rEx
213 1527 281 1559 eius
301 1526 390 1570 poesi
405 1525 524 1558 erotica
547 1529 620 1556 sunt
640 1524 746 1558 versus
766 1523 916 1558 carminis
938 1521 1025 1568 quod
1044 1523 1171 1569 scripsit
1187 1523 1226 1557 ad
1245 1523 1469 1560 Abu-Remum
1489 1525 1717 1560 ·ibn·²Amm5r:

191 1584 276 1626 Quot
295 1589 399 1616 autem
420 1588 529 1615 noctes
547 1588 579 1613 42
600 1589 680 1617 caet.

137 1640 186 1674 {Et
206 1641 284 1674 dixit
300 1648 350 1674 43:

144 1801 194 1840 36)
224 1801 266 1832 De
282 1812 346 1832 voce
367 1793 420 1835 »ἰή
441 1804 474 1832 cf.
493 1813 573 1842 supra
595 1813 621 1842 p.
632 1802 670 1832 77
693 1813 757 1832 ann.
771 1803 821 1840 (22
837 1824 845 1833 .

146 1855 195 1895 37)
221 1856 263 1885 De
283 1856 487 1886 celebratissimo
504 1860 580 1896 poeta
597 1857 755 1887 Abu-Foras
769 1854 897 1893 villarii
913 1858 1052 1887 ·ibn-S;r-1d
1076 1856 1268 1892 ·ihn-Ijaindan
1286 1856 1380 1896 longus
1399 1861 1436 1886 est
1449 1847 1610 1887 ‘ai-'fatalibi
1629 1858 1656 1887 in
1672 1857 1810 1892 Je'ttmago

226 1910 339 1939 'd-dalzr
360 1911 418 1940 MS.
433 1911 490 1941 502
514 1922 538 1950 p.
554 1911 590 1941 18
607 1922 662 1951 sqq.
706 1912 826 1948 Floruit,
847 1915 875 1941 ut
894 1916 1006 1947 notum,
1028 1911 1236 1946 Salso-'d-daulss
1256 1909 1354 1945 Halebz'
1382 1914 1515 1950 regnante.
1567 1911 1633 1940 Eius
1658 1912 1711 1940 vita
1729 1915 1811 1940 exstat

226 1965 307 1994 etiam
326 1965 397 2003 apud
415 1960 667 2002 'Iba-Callicanem,
688 1966 728 1995 ed.
745 1967 777 1996 de
797 1966 890 2001 Slzme,
912 1965 937 1995 I.
956 1976 981 2004 p.
997 1965 1052 1995 186
1068 1975 1124 2005 sqq.

145 2017 195 2056 38)
225 2019 255 2048 2²
270 2019 344 2047 verbi
362 2023 445 2064 Τὼ
467 2020 552 2048 forma
570 2029 592 2051 c.
614 2035 648 2061 ι...
666 2030 740 2058 saepe
762 2020 903 2059 exprimit:
929 2019 1085 2059 gratulatus
1113 2023 1152 2048 est
1173 2018 1234 2047 alie.
1259 2018 1368 2057 aliquid.
1419 2018 1450 2048 V.
1470 2018 1565 2057 Koseg.
1589 2019 1697 2048 Chrest.
1718 2019 1807 2050 Arab,

225 2082 252 2110 p.
268 2071 325 2106 44;
347 2073 429 2101 ffoct.
449 2074 556 2109 Arab.‚
577 2073 618 2102 ed.
639 2073 744 2108 Maca„
766 2073 790 2103 I.
811 2084 838 2112 p⁴
851 2074 898 2103 23.

144 2124 194 2163 39)
223 2126 380 2165 Sequuntur
398 2127 441 2156 hic
459 2127 512 2156 duo
530 2128 637 2163 versia,
656 2138 737 2167 supra
754 2127 834 2157 latine
853 2127 948 2157 redditi
972 2137 998 2166 p.
1013 2127 1077 2157 105.

143 2178 195 2216 40)
219 2179 375 2219 Sequuntur
393 2179 438 2209 hic
459 2185 575 2220 quatuor
598 2182 705 2216 versus,
731 2191 811 2219 snpra
829 2181 908 2210 latine
926 2182 995 2211 versi
1014 2192 1042 2221 p.
1052 2179 1093 2212 89
1106 2190 1148 2220 sq.

142 2232 196 2268 ²11)
224 2231 278 2261 Hos
294 2235 386 2262 versus
406 2235 459 2264 iam
474 2245 554 2274 supra
569 2236 636 2264 verti
656 2246 681 2274 p.
695 2234 749 2264 331
771 2245 809 2264 vs.
824 2234 836 2263 1
851 2245 910 2275 sqq.

145 2284 196 2321 42)
224 2286 381 2325 Sequuntur
399 2287 443 2317 hic
461 2292 578 2328 quatuor
597 2290 689 2318 versus
710 2289 763 2318 iam
782 2299 863 2328 supra
880 2289 948 2318 versi
967 2298 993 2328 p,
1008 2287 1047 2317 83
1065 2297 1101 2317 vs.
1113 2287 1131 2317 7
1142 2296 1200 2328 sqq.
1217 2296 1244 2327 p.
1256 2285 1296 2318 84
1314 2296 1350 2318 vs.
1364 2287 1376 2316 l
1391 2296 1430 2327 sq.
1451 2291 1476 2317 et
1495 2296 1530 2316 vs.
1546 2286 1634 2318 5—8.

144 2338 197 2376 43)
224 2338 342 2369 Carmen
365 2349 397 2370 ex
414 2351 468 2380 quo
487 2352 544 2382 sqq.
566 2352 616 2373 vss.
640 2343 754 2372 desumti
777 2345 856 2379 sunt,
881 2343 938 2373 sine
959 2342 1041 2372 dubio
1059 2342 1093 2371 ab
1114 2340 1316 2372 ·a1-Morramido
1339 2342 1513 2381 compositum
1534 2344 1573 2372 est
1590 2349 1674 2382 quum
1695 2342 1805 2372 amasiae

224 2392 341 2424 absentia
360 2399 536 2434 gravaretur3
556 2396 586 2428 in
603 2406 641 2429 vs.
656 2397 698 2428 2³.
714 2400 818 2438 patrem
833 2396 972 2430 iAbbe'idum
989 2395 1224 2436 (ot-Mostaqidum)
1241 2394 1340 2427 laudat.

1435 2449 1470 2479 51
1486 2453 1500 2469 ἢ
