2053 2969
775 257 1084 295 —369—

190 360 227 392 132
253 359 351 390 miror
373 356 451 388 viam
475 355 628 391 lacteam,
658 353 734 386 dum
766 353 851 387 videt
881 359 936 393 te,
967 353 1082 391 solem,
1109 352 1216 397 eclipsi
1242 363 1305 385 esse
1335 352 1478 384 affectum
1495 375 1502 388 ‚
1528 350 1687 394 quomodo
1716 351 1768 382 illa

234 416 337 448 stellas
357 425 507 458 apparere
524 413 627 444 facere
645 413 752 455 possit.

122 479 141 506 5
188 474 355 506 Profecto!
383 472 415 504 Si
440 483 549 513 magna
577 471 636 502 suit
663 477 713 502 tua
734 470 912 507 calamitas,
935 476 965 501 te
994 469 1142 500 maiorem
1169 469 1344 501 invenimus
1369 478 1461 511 quam
1493 466 1577 499 illam
1594 492 1601 504 ‚
1628 465 1771 510 quando-

234 531 359 574 quidem
385 529 479 572 culpa
500 529 580 559 liber
600 539 688 560 eras:

184 589 271 629 <Tibi
291 589 375 619 enim
394 587 476 628 erat)
503 586 591 618 hasta
615 597 695 629 quae
718 585 755 617 ad
775 584 1021 617 confodiendum
1046 585 1260 628 properabat,
1281 583 1381 615 donec
1400 584 1497 615 fracta
1521 589 1623 621 esset,
1649 589 1679 614 et
1702 582 1769 626 gla-

229 645 299 677 dius
321 646 375 689 qui
399 657 455 689 per
481 645 607 688 longum
629 652 750 688 tempus
776 643 908 675 feriebat
930 642 1030 673 donec
1056 649 1165 685 ruptus
1187 650 1276 675 esset.
1297 661 1342 667 --

186 705 322 737 Dessevit
347 710 470 747 gentem
501 702 748 734 Abbadrdm-mn
773 703 902 744 (etenim
928 712 988 732 non
1013 706 1126 743 aequat
1149 700 1255 743 pluvia
1281 699 1436 737 nubium,
1464 698 1538 731 dum
1562 699 1655 738 fluit,
1689 698 1763 732 Mo-
1785 693 1889 731 p.32‹).

232 762 428 798 huiumedem
442 786 450 799 ‚
474 773 576 804 neque
598 762 664 793 eius
686 761 781 801 filios)

187 820 317 852 Amicus
339 820 442 852 cordis
472 820 531 852 mei
546 845 553 857 ‚
579 820 697 851 amicus
718 820 791 862 quia
815 818 915 851 dimit:
952 817 1115 848 »sortasse
1140 815 1254 857 (naris)
1280 815 1381 847 velum
1401 826 1452 846 eos
1474 813 1670 858 propinquos
1694 813 1773 845 red-

232 878 342 915 »det‚
366 884 397 910 et
422 878 552 909 fortasse
578 880 636 908 -t

184 948 205 966 »
219 935 282 967 Nos
304 944 394 968 antea
416 936 663 980 depascebamur
684 935 818 967 honores
837 937 956 967 circum
979 945 1087 965 eorum
1110 938 1295 975 conseptum
1313 942 1321 970 ;
1343 930 1396 963 sed
1420 941 1504 962 nunc
1523 940 1674 973 pascuum
1694 940 1769 973 pro-

233 1006 252 1026 »
266 1002 359 1027 ventu
382 1000 468 1027 caret
488 1000 519 1027 et
537 1000 722 1037 conseptum
746 993 902 1025 desertum
929 998 996 1029 cst;

230 1159 271 1186 Vs.
288 1159 308 1186 4
339 1169 412 1187 mere
432 1158 631 1187 encomiasticus
650 1157 772 1188 videtum
794 1156 836 1184 sed
857 1157 926 1185 haud
944 1157 1000 1186 sine
1018 1159 1093 1186 causa
1114 1157 1164 1185 illis
1182 1154 1343 1193 metaphoris
1361 1152 1404 1181 hic
1431 1152 1515 1180 utitur
1530 1154 1618 1189 potita:
1643 1159 1706 1178 voce
1727 1150 1769 1177 zvi'rr

191 1212 272 1238 lmen
291 1211 408 1250 designat
421 1212 589 1250 Hispaniam,
609 1220 689 1249 quam
709 1209 843 1247 ideopviae
861 1210 956 1239 lacteae
975 1214 1111 1248 comparat
1134 1210 1195 1248 quia
1208 1231 1214 1242 ,
1235 1208 1316 1236 veluti
1337 1207 1363 1235 in
1386 1206 1425 1234 via
1444 1206 1524 1234 lactea
1546 1205 1702 1233 innumerae
1721 1213 1770 1239 ap-

190 1267 283 1301 parent
303 1265 405 1299 stellae,
424 1265 460 1293 sic
479 1266 505 1292 in
521 1265 563 1293 illa
583 1265 689 1302 regione
709 1263 858 1302 complures
878 1273 949 1292 nunc
970 1266 1045 1292 erant
1067 1263 1207 1301 praefecti,
1226 1262 1258 1290 ab
1274 1260 1518 1288 ·al·1t10rabi1arum
1538 1268 1598 1296 rege
1616 1258 1771 1287 constituti:

189 1318 294 1347 eosdem
308 1319 449 1356 praefectos
466 1322 540 1346 vocat
562 1320 656 1358 'th-<135
678 1317 779 1345 stellas.

229 1385 277 1416 Vs.
295 1387 322 1415 5.
365 1385 466 1414 Admisi
486 1385 626 1414 lectionem
654 1375 756 1431 ᾶὲἰρἱ,
777 1394 857 1423 quam
876 1384 1074 1413 ’thu-Bassam&
1100 1383 1188 1411 Codex
1206 1382 1249 1410 hic
1275 1381 1366 1414 offert3
1389 1386 1448 1426 3⁷³3
1477 1382 1513 1407 ent
1541 1378 1642 1411 Infin.‚
1673 1377 1770 1405 Lexico

188 1453 338 1488 addendus,
359 1463 374 1482 a
395 1453 476 1482 verbo
497 1434 558 1499 555}
579 1452 657 1490 culpr?
678 1451 761 1488 liber,
779 1463 871 1491 purus
891 1453 966 1487 [ιιίΙ;
989 1452 1087 1501 ξρ-λςᾶἱς,
1111 1450 1180 1489 quod
1202 1443 1423 1477 'ibn-Callicanz's
1442 1446 1550 1474 Codices
1570 1445 1680 1478 liabent,
1708 1443 1770 1472 huic

191 1535 247 1563 loco
268 1545 320 1564 non
340 1535 401 1564 satis
417 1537 508 1572 aptum
529 1544 634 1563 sensum
657 1535 775 1572 praebet.
819 1533 939 1572 Explicat
959 1533 1031 1561 hunc
1050 1541 1156 1560 versum

226 1589 273 1618 Vs.
291 1589 324 1621 6:
354 1589 411 1624 vult
431 1598 526 1626 nempe
549 1591 637 1626 poeta:
663 1588 714 1616 Nos
739 1587 848 1626 Hispani
870 1591 894 1615 te
914 1597 966 1615 non
985 1595 1154 1618 accusamus,
1179 1594 1239 1612 nam
1259 1586 1367 1611 strenue
1391 1584 1416 1609 te
1438 1583 1568 1618 tuumque
1589 1588 1703 1617 regnum
1723 1577 1770 1605 ‹le-

189 1643 294 1671 fendisti
312 1642 344 1670 ad
365 1645 514 1670 extremum
534 1652 624 1679 usque.

232 1696 276 1724 Vs.
293 1695 321 1723 7.
362 1695 530 1723 Parenthesis
548 1695 576 1723 in
598 1695 647 1723 hoc
667 1705 744 1724 versu
766 1695 863 1723 iterum
887 1695 924 1722 sic
952 1695 1102 1732 comparata
1125 1694 1178 1726 est,
1207 1695 1237 1719 ut
1263 1698 1371 1718 carmen
1394 1686 1610 1717 encomiasticum
1630 1685 1768 1718 videatur,

187 1747 258 1786 quod
278 1748 402 1786 inprimis
425 1748 469 1777 hic
489 1758 592 1777 necesse
611 1749 679 1784 fuit,
702 1749 764 1788 quia
784 1751 858 1786 pot-'ta
881 1749 908 1776 in

233 1801 277 1830 vs.
295 1802 314 1830 8
339 1803 429 1831 virum
450 1801 583 1840 quendam
603 1802 719 1831 nobilem
746 1803 845 1832 indicat
862 1794 978 1841 quocum
999 1802 1100 1829 locutus
1119 1800 1219 1833 suerat,
1243 1800 1269 1826 et
1285 1798 1332 1836 qui
1353 1797 1375 1825 ei
1393 1805 1466 1833 spem
1486 1794 1595 1823 dederat
1616 1792 1770 1822 {abbadidas

193 1856 222 1883 in
240 1855 365 1893 Hispania
386 1866 501 1895 regnum
524 1859 737 1894 recuperaturos.
780 1856 907 1893 Quisnam
927 1856 968 1883 vir
988 1855 1030 1882 ille
1049 1853 1144 1882 nobilis
1165 1852 1246 1881 suerit
1271 1850 1374 1879 difficile
1395 1853 1433 1879 est
1459 1849 1547 1883 dictu,
1568 1848 1611 1876 sed
1625 1847 1771 1875 ·al-Mo='t³a-

188 1909 245 1938 mid
266 1910 322 1938 sine
341 1909 423 1938 dubio
448 1909 576 1938 intellexit
602 1920 746 1948 quemnam
769 1913 898 1948 spectaret
922 1907 1189 1939 'Ibno-’l-Labbana.
1239 1905 1364 1943 Loquens
1389 1912 1463 1932 nunc
1487 1901 1624 1930 inducitur
1645 1900 1771 1937 patricius

189 1962 248 1995 ille:
280 1972 353 2000 spem
380 1963 451 1991 fovet
471 1963 530 1991 fore
552 1967 582 1991 ut
607 1964 706 1992 iterum
731 1963 841 1992 redeant
866 1961 1020 1991 {Abbadidae
1041 1962 1136 1999 (obiter
1156 1960 1266 1988 observo
1292 1957 1390 1986 Lexico
1407 1955 1557 1984 addendum
1577 1964 1630 1983 esse
1657 1953 1770 1982 verbum

190 2018 237 2046 m
259 2026 320 2044 curn
343 2032 377 2057 ψ
397 2016 546 2055 significare
556 2018 743 2056 propinquum
760 2017 894 2051 reddidit,
913 2016 1039 2051 adduxit)
1050 2036 1056 2048 ,
1070 2018 1095 2043 et
1113 2023 1226 2053 regnum
1240 2012 1413 2050 recuperent:
1428 2009 1498 2038 vides
1517 2009 1588 2037 enim
1604 2011 1662 2046 post
1682 2008 1771 2050 ωας,

189 2079 244 2098 esse
262 2071 441 2108 aposiopesin,
463 2071 525 2109 quia
541 2080 618 2099 suam
639 2070 724 2098 ideam
746 2069 880 2098 declarare
902 2079 956 2097 non
975 2069 1087 2097 audebat
1102 2069 1144 2096 vir
1161 2067 1214 2096 ille.
1255 2065 1288 2094 In

232 2123 276 2152 Vs.
292 2124 310 2153 9
337 2133 415 2153 causa
435 2123 568 2152 indicatur
593 2133 643 2152 cur
661 2123 765 2162 patricii
790 2123 822 2151 de
849 2122 976 2152 seditione
1002 2122 1158 2159 cogitarent.
1209 2121 1343 2149 Tenentur
1368 2128 1461 2156 nempe
1481 2120 1541 2145 ante
1559 2115 1702 2144 adventum
1722 2113 1771 2142 ·al-

192 2177 387 2205 Morabitarum
410 2188 543 2206 summam
569 2177 648 2206 fuisse
670 2177 855 2205 auctoritatem
876 2176 978 2205 ordinis
1003 2175 1175 2213 patriciorum
1208 2175 1234 2202 in
1264 2173 1408 2210 Hispania,
1440 2171 1628 2209 regiminisque
1652 2169 1767 2197 formam

190 2230 272 2258 fuisse
291 2232 552 2267 doiorouqrznxvjr:
573 2231 617 2260 sed
634 2241 720 2270 quum
738 2230 934 2259 ·al-Morabit11e
952 2229 1077 2267 Hispania
1097 2230 1181 2256 essent
1199 2227 1288 2265 potiti,
1302 2227 1411 2255 cessavit
1430 2225 1588 2263 optimatum
1608 2223 1768 2262 imperium,

194 2283 293 2311 nobiles
310 2285 367 2312 illae
386 2289 476 2322 gentes
500 2286 626 2314 Arabicae
648 2285 748 2314 nullam
770 2284 882 2322 amplius
904 2284 1087 2312 auctoritatem
1112 2284 1306 2312 exercuerunt,
1332 2282 1358 2307 et
1381 2278 1519 2317 regiminis
1538 2278 1623 2306 forma
1644 2276 1709 2305 facta
1732 2280 1770 2305 est

194 2337 377 2370 nmnarchica,
401 2339 436 2366 ita
455 2343 486 2367 ut
505 2340 552 2367 uni
568 2339 625 2376 regi
643 2338 758 2367 barbaro
775 2339 827 2366 iam
846 2338 935 2366 onmia
954 2339 1089 2374 parerent.
1130 2335 1187 2363 noe
1205 2334 1262 2362 vult
1279 2332 1405 2371 patricius
1423 2331 1466 2360 ille
1480 2331 1559 2360 etiam
1577 2332 1605 2359 in
1624 2340 1702 2359 versu
1722 2330 1768 2368 qui

191 2389 261 2425 apud
277 2386 508 2420 'ibn-Callicanem
526 2392 597 2420 hunc
612 2391 736 2420 editionis
750 2402 824 2420 meae
842 2402 881 2420 vs.
894 2392 950 2419 9ιιιῚι
967 2390 1100 2428 praecedit
1117 2388 1234 2427 (Uxii
1258 2387 1400 2429 &Ly-0)
1411 2407 1418 2418 ‚
1440 2389 1466 2413 et
1479 2388 1555 2413 cuius
1571 2385 1699 2413 sententia
1716 2384 1769 2411 huc

189 2441 273 2470 redit:
303 2454 382 2481 quum
405 2444 512 2472 illorum
534 2454 664 2481 regnum,
690 2444 774 2473 laetae
797 2454 913 2473 aurorae
933 2443 1038 2479 simile,
1065 2447 1166 2478 staret,
1188 2443 1218 2469 in
1244 2440 1292 2469 illo
1312 2449 1425 2468 summos
1452 2439 1566 2466 honores
1586 2439 1720 2476 adipisci,
1744 2441 1769 2463 et

1437 2491 1474 2519 47
