2053 2969
807 184 1117 224 -2'71—

167 285 353 318 Tentabitur
376 294 392 315 a
413 293 463 316 me
487 293 597 316 eorum
619 292 727 320 error,
763 288 798 314 ut
822 292 945 324 semper
965 292 1032 313 mea
1055 282 1188 315 ambitio
1211 292 1242 314 se
1264 289 1393 315 renovet
1414 300 1456 325 73·

168 344 251 385 Quot
278 352 457 375 numerosos
474 341 631 373 exercitiis
651 351 687 373 ex
708 340 775 372 istis
794 341 903 371 necavi
919 365 926 378 ‚
950 346 981 371 et
1009 348 1086 384 quot
1110 348 1180 384 post
1201 340 1316 373 horum
1337 352 1446 373 necem
1474 342 1589 374 iterum
1609 342 1740 375 necavit

166 401 282 433 Eorum
301 400 402 443 capita
417 399 502 431 certa
521 399 600 431 serie
627 404 787 442 tamquam
811 397 886 430 colli
907 397 1027 430 monile
1046 399 1211 438 ordinavi,
1233 405 1265 432 et
1283 406 1472 432 ornaverunt
1494 400 1548 433 illa
1569 400 1685 434 collum
1708 412 1788 445 por-

210 465 258 489 tae
281 459 383 489 meae!

163 515 406 558 Al-tt10=·t‘a‹jidus
424 522 498 548 tunc
519 515 671 559 temporis
684 514 744 546 hoc
765 524 821 546 suo
839 514 978 546 carmine
997 514 1035 546 de
1048 515 1157 548 Ronda
1174 515 1344 558 (homines)
1364 516 1472 549 eadem
1487 516 1694 550 admiratione
1713 518 1786 550 affe·
1810 528 1836 556 p·
1851 518 1918 546 2¹47-

118 574 180 612 cit,
204 574 265 617 qua
284 584 335 605 eos
352 574 494 606 affecerat
515 574 628 610 Hassan
646 564 823 605 ibn-Tabia
838 572 953 615 Qacidzj
975 573 1028 604 sua
1049 575 1137 605 cuius
1160 574 1438 607 homoeoteleuton
1460 582 1526 608 erat
1545 576 1633 608 litera
1655 583 1786 614 mima,

116 639 147 664 et
168 631 306 663 homines
331 631 410 664 illud
441 632 595 665 memoria
619 631 841 663 custodiebant
866 637 896 661 et
914 630 1097 663 ediscebant
1122 633 1196 675 quia
1220 643 1331 675 magna
1353 633 1398 664 vis
1418 634 1449 664 in
1474 635 1539 666 eius
1558 635 1635 666 ideis
1657 641 1687 666 et
1707 635 1788 677 stylo

117 692 227 723 inerat.
277 691 357 733 QuIa
377 697 481 723 autem
504 690 543 723 de
569 689 678 722 Ronda
699 695 730 722 et
755 689 793 720 iis
816 689 871 732 qui
895 694 970 720 tunc
996 689 1041 720 ibi
1066 690 1236 733 imperium
1260 691 1447 722 exercebant
1471 692 1595 722 locutus
1618 699 1685 729 est,
1709 704 1788 736 pau-

115 749 157 781 cis
179 748 233 780 hic
252 760 360 781 eorum
379 760 427 781 res
445 749 671 793 explicabimus
691 754 733 780 75.
782 747 927 780 Primum
948 747 1068 780 bellum
1089 747 1198 780 intulit
1220 748 1403 792 regionibus
1420 749 1459 780 ab
1483 749 1646 782 occidente
1667 751 1786 794 Hispa-

115 886 164 923 73)
193 885 252 915 Non
274 889 362 915 certus
384 895 444 914 sum
465 895 508 914 me
528 884 601 914 hunc
623 894 730 913 versum
755 887 826 913 recte
854 883 971 913 vertisse.
1024 884 1132 913 Phrasis
1153 873 1234 917 33>
1255 885 1334 936 ⁸³5⁹)
1357 885 1436 913 etiam
1464 884 1525 913 alibi
1547 886 1682 920 occurrit,
1711 890 1740 914 ut
1764 888 1791 915 in

194 967 327 1006 Freytagii
350 967 457 996 Chrest.
471 965 560 995 Arab.
577 976 691 1004 gramm.
709 966 775 994 hist.
796 975 823 1004 p.
843 964 914 994 146:
937 955 1019 1005 ξᾲ>
1038 956 1072 997 ᾗ)
1100 965 1198 1016 Obejss
1231 958 1282 1014 1⁹23
1310 980 1354 1018 ἃ,
1382 966 1465 1016 obj·
1489 965 1540 1001 μ,
1562 975 1616 1005 quo
1638 965 1696 994 loco
1713 967 1790 995 nixus

193 1049 272 1077 etiam
291 1048 334 1077 hic
351 1048 491 1077 lectionem
510 1054 591 1086 83?-
611 1047 686 1076 alteri
709 1037 789 1078 322>
807 1045 930 1084 praetuli.
971 1053 1049 1092 ὁρ
1070 1047 1240 1075 ambitionem
1262 1047 1348 1079 verti;
1370 1047 1402 1075 cf.
1428 1056 1508 1084 supra
1531 1046 1558 1074 in
1585 1050 1657 1075 textu
1685 1057 1709 1084 p.
1731 1046 1788 1074 245

193 1111 229 1130 vs.
250 1102 278 1131 2.
319 1101 371 1130 Sed
390 1111 521 1140 quaenam
537 1101 666 1129 sententia
687 1100 721 1129 sit
740 1101 831 1129 versus
847 1100 918 1129 haud
936 1101 971 1128 ita
990 1101 1065 1130 facile
1079 1104 1117 1129 est
1136 1100 1227 1134 dictu3
1245 1101 1353 1129 sortasse
1372 1100 1421 1129 hoc
1438 1100 1521 1128 voluit
1538 1103 1630 1137 poeta:
1653 1100 1788 1129 interdum

193 1164 257 1183 cum
275 1154 393 1183 hostibus
415 1154 480 1182 meis
498 1153 617 1182 inducias
638 1163 751 1192 pangam
764 1175 771 1188 ,
790 1153 874 1191 iisque
892 1154 1007 1191 quietem
1023 1153 1182 1189 concedam,
1205 1157 1235 1183 ut
1256 1154 1288 1183 iis
1309 1154 1404 1183 deinde
1420 1155 1519 1182 iterum
1541 1154 1640 1182 bellum
1658 1154 1787 1187 inseram,

195 1211 220 1236 et
240 1218 299 1236 mea
318 1207 427 1236 ambitio
444 1207 481 1235 sic
502 1207 670 1235 continenter
689 1209 842 1236 renovetur.
884 1206 927 1234 Cf.
948 1206 1037 1235 locum
1052 1207 1254 1236 'Iba-Bassam·
1270 1218 1352 1246 supra
1375 1209 1403 1237 in
1422 1211 1494 1237 textu
1514 1218 1538 1246 p.
1556 1208 1616 1238 250
1636 1219 1672 1237 vs.
1685 1209 1703 1237 3
1720 1219 1734 1236 a
1753 1209 1771 1236 f.

114 1261 163 1298 74)
192 1261 230 1289 De
250 1261 380 1289 celebrato
395 1263 471 1299 poeta
494 1260 594 1294 Hassfin
612 1250 779 1294 abu-Tabit,
801 1259 848 1298 qui
867 1261 1002 1298 sexaginta
1025 1271 1109 1288 annos
1128 1264 1208 1295 ante,
1233 1264 1259 1289 et
1275 1262 1409 1300 sexaginta
1430 1265 1487 1299 post
1503 1262 1688 1290 'Islamz'smum
1709 1262 1788 1295 vixit,

192 1315 236 1344 eff.
255 1318 375 1343 auctores
392 1313 490 1342 laudati
510 1324 525 1342 a
547 1313 580 1342 de
602 1313 667 1350 Sacy
687 1313 716 1341 in
737 1312 852 1341 Anthol.
874 1323 986 1351 yramm.
1007 1314 1098 1342 Arab.
1117 1324 1144 1352 p.
1164 1314 1215 1343 141
1235 1325 1276 1353 sq.
1294 1318 1319 1343 et
1340 1325 1354 1343 a
1371 1315 1512 1353 Fruytagio
1528 1315 1555 1344 in
1578 1315 1670 1343 Indice
1692 1315 1724 1343 ad
1739 1316 1789 1343 ’31-

193 1367 366 1396 Maidanium.
412 1367 454 1396 Ex
475 1368 530 1396 eius
548 1370 668 1405 poemate
686 1367 714 1395 in
738 1385 755 1414 ¹.
775 1365 808 1394 de
828 1376 881 1405 quo
900 1367 943 1395 hic
961 1377 1049 1395 sermo
1070 1370 1123 1402 est,
1142 1367 1209 1396 duos
1227 1369 1318 1397 versus
1344 1368 1481 1405 descripsit
1498 1363 1655 1397 ·at'-Tibrizi
1675 1369 1719 1405 (ad
1734 1369 1785 1397 ·al-

190 1421 340 1456 ffamfiszgm
362 1432 387 1460 p.
402 1421 452 1457 88)
473 1424 498 1450 et
518 1420 661 1449 Scholiasta
680 1414 878 1458 'lbu-Caqauis
901 1420 929 1448 in
951 1420 993 1449 Cl.
1012 1420 1144 1459 Weijersii
1167 1422 1247 1460 Spec.
1276 1432 1303 1460 p.
1324 1421 1379 1457 66,
1404 1421 1502 1460 quibus
1523 1421 1644 1460 quinque
1668 1422 1732 1451 alios
1753 1433 1784 1452 ex

193 1475 291 1503 Codice
309 1478 399 1504 nostro
417 1474 479 1503 libri
498 1474 589 1511 sz‘mo
606 1471 717 1503 ’ἶ-ἀΐαν
735 1473 835 1502 addidit
859 1473 1027 1502 Hamakerus
1052 1474 1080 1503 in
1101 1474 1249 1503 doctissima
1271 1477 1459 1510 annotatione,
1482 1475 1615 1513 Weijersii
1635 1475 1789 1513 Specz'minz‘

190 1529 298 1557 inserta.
341 1528 502 1566 Perstringit
522 1528 550 1555 in
567 1527 612 1555 illo
626 1527 745 1555 carmine
766 1530 842 1565 poeta
863 1527 995 1565 ignaviam
1012 1524 1156 1561 wlff-{ariis
1171 1528 1338 1558 -ibn-Risam
1355 1528 1594 1566 ·ibno-'l-Mogira.
1636 1528 1694 1556 Iam
1715 1529 1786 1567 quod

189 1582 221 1610 ad
244 1585 333 1610 nostra
347 1581 548 1610 ‘Iba-Bassami
568 1580 648 1609 verba
671 1580 780 1616 attinet,
804 1580 832 1609 in
856 1583 929 1608 textu
950 1580 1063 1609 verbum
1085 1583 1217 1624 &aab
1240 1581 1290 1610 illis
1309 1582 1441 1611 vocalibus
1466 1582 1563 1609 instrui
1586 1583 1695 1616 curavi.
1715 1593 1783 1620 quae

192 1636 307 1674 passivae
326 1635 425 1663 formae
444 1635 566 1672 propriae
595 1637 674 1668 sunt,
698 1637 723 1662 et
747 1634 833 1662 locum
860 1637 1010 1662 verteram.-
1039 1633 1266 1673 Atye-stastum
1288 1640 1353 1663 tunc
1373 1636 1502 1673 temporis
1523 1635 1572 1662 hoc
1592 1644 1640 1663 suo
1663 1636 1783 1662 carmine

192 1688 225 1716 de
241 1689 341 1716 Iz'omla‘
355 1688 440 1715 eodem
461 1688 535 1715 modo
555 1698 641 1715 vanu-5·
658 1692 730 1722 erat,
749 1698 801 1726 quo
820 1697 907 1715 vanus
921 1692 979 1715 erat
1000 1688 1111 1722 llas-sem
1130 1678 1293 1717 aza-fabis
1306 1693 1421 1726 propter
1449 1688 1579 1726 (Jaftdgm
1601 1698 1677 1715 suam
1704 1688 1786 1716 cuins

195 1740 417 1768 homoeoteleuton
438 1745 496 1768 erat
512 1740 595 1769 litera
616 1746 694 1769 mim.
735 1740 785 1768 Sed
803 1751 889 1779 quum
909 1741 976 1769 mihi
996 1751 1050 1770 non
1070 1745 1166 1770 notum
1186 1744 1268 1776 esset,
1290 1742 1436 1776 l-Iassanam
1455 1751 1555 1770 vanum
1577 1741 1657 1770 fuisse
1676 1745 1786 1779 propter

193 1803 303 1823 carmen
322 1803 416 1829 suum,
438 1797 464 1822 et
480 1795 577 1822 scirem
597 1798 674 1832 caput
690 1793 723 1822 de
748 1794 797 1822 boc
820 1795 895 1832 poeta
918 1798 1020 1824 exstare
1042 1795 1070 1823 in
1090 1795 1202 1824 Ki't'fzbo
1220 1795 1363 1834 'l-·agfini,
1384 1796 1467 1824 literis
1492 1795 1681 1823 amicissimum
1703 1797 1786 1823 Ama-

192 1848 259 1876 rium
285 1847 391 1886 rogavi,
414 1851 444 1876 ut
463 1847 513 1876 hoc
533 1851 612 1886 caput
639 1847 773 1885 perlegere
800 1847 895 1883 vellet,
924 1851 953 1876 ut
985 1848 1086 1877 videret
1109 1852 1201 1877 utrum
1228 1848 1290 1877 inde
1318 1852 1408 1877 noster
1433 1849 1505 1877 locus
1532 1848 1620 1876 lucem
1649 1848 1785 1886 quandam

190 1902 308 1939 accipere
330 1904 422 1938 posset.
464 1901 544 1930 Solita
563 1901 727 1929 humanitate
741 1901 788 1929 Vir
810 1900 852 1929 Ill.
873 1902 939 1930 votis
957 1902 1046 1931 statim
1062 1902 1203 1937 satisfecit,
1219 1905 1245 1931 et
1265 1901 1400 1939 respondit
1418 1901 1501 1936 mihi,
1520 1904 1599 1938 caput
1617 1901 1650 1929 de
1668 1901 1785 1935 flassano

185 1945 338 1983 &bn-'labit
360 1955 474 1983 inveniri
501 1954 610 1993 quidem
637 1955 665 1983 in
693 1954 798 1983 Codicis
818 1955 973 1984 Parisiensis
994 1955 1130 1984 volumine
1155 1957 1244 1995 primo
1276 1956 1332 1993 (sol.
1350 1955 1406 1984 239
1420 1966 1442 1984 r.
1460 1972 1500 1977 —
1517 1955 1574 1983 247
1591 1958 1647 1991 v.)‚
1677 1955 1721 1983 sed
1746 1955 1784 1983 ibi

190 2006 296 2036 nullum
316 2017 425 2036 carmen
448 2008 476 2036 in
499 2028 515 2056 Γ
537 2011 648 2037 exstare.
693 2009 785 2045 Quum
802 2009 890 2047 itaque
907 2009 973 2037 nihil
990 2010 1096 2038 suadeat
1117 2013 1145 2038 ut
1161 2013 1308 2038 statuamus
1322 2009 1466 2043 Bassaniam
1482 2018 1531 2037 suo
1546 2009 1666 2037 carmine
1683 2018 1783 2037 vanum

188 2060 288 2096 fuisse,
309 2060 354 2089 sed
376 2064 468 2089 contra
489 2065 595 2090 certum
617 2062 651 2090 sit
672 2072 798 2101 magnam
819 2062 885 2091 illud
904 2062 1086 2092 celebritatem
1109 2066 1218 2091 nactum
1243 2062 1344 2097 fuisse,
1370 2066 1396 2091 et
1414 2062 1455 2091 vel
1476 2062 1598 2091 barbaris
1623 2062 1778 2091 hominibus

187 2127 332 2156 innotuisse
353 2127 401 2165 (cf.
422 2128 558 2158 Hamaker
575 2129 594 2159 l.
614 2129 633 2158 l.
658 2140 686 2167 p.
702 2129 768 2166 68),
792 2130 877 2158 multo
903 2129 997 2158 melius
1021 2134 1059 2159 est
1086 2130 1260 2168 pronuntiare
1279 2112 1411 2172 ὤέῗ,
1433 2130 1461 2158 in
1482 2129 1567 2158 activo
1580 2150 1588 2165 ,
1613 2130 1649 2158 ita
1670 2132 1699 2158 ut
1716 2129 1782 2158 sub-

189 2194 389 2232 intelligendum
411 2196 446 2224 sit
470 2189 585 2240 υῇως
619 2197 759 2232 hominm,
787 2197 830 2226 cui
858 2197 1072 2235 interpretationi
1102 2197 1180 2226 etiam
1203 2196 1341 2236 sequentia
1365 2194 1566 2226 'Ibn-Bassae'imi
1593 2197 1673 2225 verba
1698 2198 1783 2236 magis

189 2245 287 2276 favent.

110 2298 160 2335 75)
188 2298 228 2327 De
247 2299 277 2327 4⁴
289 2300 374 2330 forma
394 2302 468 2331 verbi
488 2302 544 2355 &J
565 2303 598 2332 cf.
615 2313 696 2342 supra
716 2314 744 2342 p.
761 2303 820 2333 235
839 2314 903 2333 ann.
916 2303 985 2341 (56).
1028 2303 1163 2343 Exemplis
1181 2303 1218 2334 ibi
1236 2304 1321 2334 citatis
1336 2303 1402 2333 adde
1418 2302 1603 2333 'Ibn-Bassam
1618 2304 1676 2334 MS.
1694 2304 1777 2333 Oxou.

187 2365 302 2396 fol-165
318 2377 356 2396 ω
378 2369 481 2401 ὤμω
504 2382 558 2402 m
585 2369 633 2422 ,μ
659 2375 713 2424 ξε,
739 2362 787 2406 c„
808 2370 900 2419 »εἰπερ
922 2372 957 2403 os
982 2371 1116 2416 aab.
