2053 2969
116 1170 123 1197 ι
138 1183 140 1185 ,
155 1159 186 1187 :a
195 1157 219 1188 9.

914 181 1226 221 —364—

285 284 430 318 Decrevit
453 282 535 316 Deus
556 282 700 314 Emessac
725 278 891 324 (Hispalis)
910 285 1044 311 mortem
1060 303 1068 317 ‚
1089 286 1120 312 et
1145 277 1360 323 disperserunt
1381 278 1427 311 ibi
1445 302 1455 314 .
1481 301 1491 313 .
1517 301 1527 314 .
1554 303 1562 310 .
1588 302 1598 314 .
1623 302 1632 314 .
1658 302 1668 314 .
1692 304 1702 314 .
1726 281 1907 326 sepulchra.'

282 340 486 385 Af-Toraija,
511 340 747 374 Sa=d0-'s-s0=ud
773 346 803 370 et
825 337 993 374 ‘az-Zabi,
1028 337 1084 380 qui
1110 337 1143 368 in
1172 336 1233 369 hoc
1259 341 1406 381 poe'mate
1434 343 1720 370 commemorantur
1741 345 1808 378 219,
1834 338 1925 373 sunt*

238 403 365 434 nomina
388 400 561 444 qohbgrum
590 403 637 422 220
659 404 690 429 et
716 396 932 429 aedificiorum
962 395 1144 438 regiorum,
1177 406 1257 439 quae
1285 407 1408 427 summo
1434 407 1505 428 cum
1532 396 1636 428 studio
1660 396 1904 438 aedificaverat,

239 470 382 504 quaeque
402 458 440 490 ad
460 457 575 501 palatia
594 455 730 499 Hispalis
754 453 967 498 pertinebant.
991 472 1036 479 —
1057 452 1232 498 Respondit
1253 453 1328 486 huie
1349 455 1483 488 carmini
1503 453 1792 493 Abu—Mohammed
1812 455 1907 495 Sicu,

238 520 286 550 lus
301 543 309 557 ,
333 517 389 560 qui
418 515 547 548 nomine
566 512 795 550 'Ibn-Hamdisz'
815 517 906 544 notus
929 516 992 544 est:

283 575 390 607 Altera
410 585 458 606 res
480 573 610 605 alteram
630 572 746 616 excipit
766 577 809 596 221
833 575 915 604 caet·

237 634 273 668 In
294 632 403 665 eodem
424 642 572 675 responso
596 631 658 664 ait:

280 693 450 734 Postquam
474 701 527 721 vos
550 688 670 721 abiistis
690 695 737 713 222
760 693 840 721 caet.

284 749 365 781 Cum
393 748 518 780 feminis
549 748 611 780 suis
641 747 805 779 coiverunt
826 752 870 775 22³
894 743 981 776 corvi
1010 743 1041 776 in
1067 754 1159 777 muro
1179 742 1241 777 loci
1268 745 1299 777 in
1326 755 1390 788 quo
1409 743 1616 785 versabatur3
1643 743 1757 779 deinde
1779 746 1909 781 nuntius

239 807 350 839 aliatus
370 812 416 839 est
431 805 579 850 quasdam
603 806 669 838 eius
689 806 819 837 feminas
840 803 1026 836 adventuras
1046 813 1123 836 esse.
1171 803 1259 836 Tunc
1279 803 1376 836 dixit:

285 865 380 898 Corvi
400 865 549 908 Aginati!
574 876 613 897 ne
638 864 782 896 fortunae
798 861 958 895 beneficiis
973 861 1163 904 privemini,
1188 872 1292 905 neque
1308 861 1457 894 arborum
1477 861 1571 893 ramis
1585 885 1595 900 ‚

286 924 347 965 Qui
373 922 484 954 umbra
507 924 561 955 sua
585 922 760 955 defendunt
790 921 935 964 lanugine
964 918 1122 963 praeditos
1148 919 1252 962 pullos
1270 944 1277 957 ‚
1306 920 1338 951 in
1359 920 1396 951 iis
1415 919 1615 959 habitantes,
1643 931 1659 952 a
1683 919 1757 952 solis
1776 919 1908 960 ardore,

327 987 358 1012 et
386 981 417 1011 in
443 981 557 1023 quibus
577 981 700 1013 abunde
728 980 777 1012 his
799 985 844 1012 est
866 977 1057 1022 praesidium
1078 983 1189 1010 contra
1211 977 1338 1021 pluviae
1356 978 1487 1009 noxam!

284 1040 385 1081 Quam
403 1038 598 1071 dulcimodo
611 1047 657 1072 224
679 1039 799 1071 coitum
820 1037 1002 1069 exercuistis
1015 1060 1023 1074 ,
1048 1035 1217 1079 augurium
1236 1035 1344 1067 dantes
1368 1035 1453 1078 quod
1472 1046 1574 1069 meam
1595 1042 1700 1069 movet
1722 1036 1909 1070 admiratio-

328 1108 422 1136 nem3
447 1097 493 1128 sic
511 1097 726 1129 dulcissimum
751 1097 859 1128 dantes
879 1095 1040 1127 nuntium.

286 1155 410 1188 Etenim
431 1155 538 1187 stellae
560 1166 640 1198 quae
661 1155 754 1197 longe
773 1166 789 1186 a
813 1165 863 1185 me
884 1158 973 1184 erant
996 1156 1157 1187 remotae,
1182 1148 1245 1181 iam
1273 1148 1305 1180 in
1328 1149 1397 1180 mea
1419 1149 1660 1195 propinquitate
1684 1149 1799 1183 iterum
1819 1152 1849 1184 in
1871 1164 1909 1186 eo

330 1222 401 1246 sunt
429 1221 465 1246 ut
489 1213 630 1245 oriantur
644 1237 652 1251 ‚
677 1213 715 1244 ad
737 1212 843 1243 lunam
864 1216 909 1239 225
933 1220 964 1240 se
985 1207 1196 1239 conferentes.

281 1272 444 1306 Incumbit
473 1270 553 1302 mihi
582 1270 745 1308 officium,
783 1270 808 1300 si
833 1268 916 1300 Deus
945 1265 1123 1297 misericors
1145 1274 1254 1297 verum
1284 1263 1389 1297 reddit
1421 1263 1453 1296 id
1473 1263 1558 1308 quod
1587 1272 1754 1299 narrarunt
1775 1267 1845 1306 illi,
1872 1276 1908 1302 ut

327 1340 487 1372 nunquam
512 1339 617 1359 meum
640 1338 748 1359 arcum
772 1325 929 1367 huiusque
953 1334 1084 1355 nervum
1106 1322 1257 1354 timeant!

283 1389 342 1421 Per
365 1388 486 1419 Deum!
519 1398 575 1430 per
601 1387 725 1418 Deum!
757 1394 919 1427 nunquam
942 1381 1111 1414 abacturus
1137 1391 1207 1414 sum
1229 1390 1339 1414 eorum
1363 1379 1458 1414 talem
1482 1381 1539 1424 qui
1569 1379 1717 1416 decidat!
1758 1381 1806 1416 Ne
1828 1384 1911 1419 male

329 1453 497 1490 auguratus
516 1445 562 1470 2²6
584 1446 641 1479 sim
661 1455 697 1479 ex
716 1444 836 1476 corvis!

246 1591 316 1629 219)
338 1589 568 1619 Animadversions
587 1588 631 1617 hic
651 1587 731 1627 digna
752 1591 790 1617 est
815 1587 998 1621 constructi03
1017 1585 1078 1615 iicet
1095 1583 1169 1614 enim
1193 1583 1249 1614 tria
1273 1582 1434 1614 substantiva
1457 1581 1632 1624 praecedant,
1653 1593 1801 1624 pronomen
1822 1586 1912 1616 tamen

334 1649 359 1673 ct
380 1644 492 1673 verbum
510 1644 537 1672 in
557 1642 697 1681 singulari
715 1644 778 1670 sunt
796 1651 920 1669 numero.

243 1698 313 1733 220)
334 1698 398 1726 Vide
418 1707 496 1734 supra
517 1707 540 1735 p.
561 1696 616 1724 142
631 1706 672 1734 sq.
697 1704 759 1723 ann.
775 1694 866 1731 (411).

242 1755 311 1788 221)
329 1754 473 1791 Seqnentes
494 1755 545 1779 tres
562 1751 654 1778 versus
668 1759 750 1787 supra
766 1748 834 1776 verti
855 1758 881 1786 p.
897 1746 952 1776 147
972 1756 1035 1775 aun.
1048 1745 1144 1782 (432).

285 1808 312 1845 ¹')
329 1808 471 1845 Sequentes
490 1805 544 1832 duo
562 1804 651 1832 versus
673 1803 742 1831 infra
760 1803 787 1831 in
804 1802 888 1841 capite
903 1797 1109 1830 ‘limosi-Auri
1126 1799 1224 1829 Latine
1238 1801 1386 1829 vertentur.

243 1808 300 1835 22-

244 1874 312 1912 223)
331 1875 381 1903 liic
400 1876 426 1902 et
450 1873 477 1901 in
507 1882 562 1910 seq.
581 1869 706 1900 carminis
727 1879 763 1899 vs.
789 1869 821 1899 3Ο
839 1867 1075 1898 animadvertenda
1098 1869 1136 1896 est
1157 1867 1244 1896 forma
1262 1860 1352 1917 ὥς
1382 1867 1499 1897 Lexicon
1522 1868 1594 1898 enim
1622 1868 1669 1898 hoc
1697 1877 1775 1899 sensu
1804 1870 1908 1898 tantum

334 1948 379 1986 ὦ
400 1955 486 1983 offert.

244 2009 314 2045 224)
334 2008 414 2036 Valde
435 2008 528 2036 dubito
549 2016 582 2035 an
605 2006 656 2040 LA
676 2005 825 2044 significare
841 2004 920 2043 possit
939 2012 1017 2041 quam
1041 2000 1116 2029 dulci
1135 2001 1229 2037 modo,
1249 2004 1276 2030 et
1294 2000 1352 2030 ideo
1372 2004 1477 2031 tantum
1495 2002 1532 2031 sic
1548 2002 1615 2031 verti
1631 2001 1694 2040 quia
1717 2011 1794 2030 sensu
1817 2010 1909 2030 carere

335 2062 407 2089 nolui
427 2062 573 2089 versionem
594 2070 681 2088 meam
703 2059 835 2087 Latinam.
876 2056 1000 2091 Etenim,
1019 2055 1068 2083 nisi
1087 2054 1175 2082 omnia
1195 2064 1238 2083 me
1254 2054 1363 2089 fallunt,
1382 2056 1493 2084 omissus
1511 2059 1550 2084 est
1564 2055 1597 2084 ab
1612 2054 1813 2083 ‘Iba-Bassam
1829 2064 1907 2093 prae-

334 2116 428 2143 cedens
444 2125 546 2148 νοω-ηε,
566 2115 592 2142 in
615 2124 667 2152 quo
685 2114 791 2142 fortasse
808 2111 872 2140 dixit
895 2113 982 2150 poeta:
1004 2119 1051 2147 ego
1069 2117 1147 2146 spero
1164 2117 1225 2135 mox
1245 2117 1343 2135 mecum
1360 2110 1424 2145 fore
1440 2107 1552 2137 dilectas
1570 2118 1642 2136 meas
1654 2107 1774 2147 puellas,
1797 2111 1823 2137 et
1842 2111 1907 2136 tunc

334 2170 376 2200 ¹·4)
409 2167 491 2195 velati
511 2177 556 2194 voa·
576 2170 639 2194 caet

247 2222 316 2257 225)
336 2222 429 2249 Lunae
451 2220 564 2258 imagine
581 2230 606 2247 se
624 2220 709 2256 ipsum
726 2222 824 2258 spectat
840 2219 926 2257 poeta.

246 2288 316 2321 226)
338 2298 351 2314 >v
366 2287 420 2314 The
438 2290 505 2314 term
524 2285 655 2323 one-eyed
676 2274 778 2331 (μζὲἶ)
800 2293 931 2324 expresses
948 2293 962 2312 a
981 2292 1077 2322 person
1103 2280 1279 2320 disagreeable
1298 2290 1333 2310 on
1360 2291 1410 2319 any
1435 2284 1556 2310 account=
1597 2280 1653 2310 The
1678 2281 1761 2310 Arabs
1779 2280 1874 2320 regard
1891 2290 1907 2309 a

341 2364 355 2382 υ
371 2351 498 2389 one-cyed
521 2362 581 2380 man
601 2362 628 2380 as
646 2353 674 2380 os
689 2352 739 2380 bad
758 2362 835 2381 omen
856 2339 965 2402 (1323),
987 2348 1039 2379 and
1056 2348 1159 2386 nobody
1178 2348 1270 2378 wishes
1285 2352 1312 2377 to
1328 2351 1397 2378 meet
1414 2347 1501 2379 him.’'
1544 2347 1615 2378 Haec
1628 2347 1800 2378 Burckhardt
1817 2347 1906 2378 Arab.
