2053 2969
109 502 152 532 20

793 171 1102 209 —371—

201 269 245 301 Te
268 267 379 300 defleri
398 266 500 299 donec
523 266 648 300 tristitia
669 265 750 299 mihi
773 277 831 300 nec
854 265 1053 311 lachrymas,
1078 279 1136 300 nec
1157 271 1338 313 sanguinem
1364 270 1581 314 relinqueret,
1608 271 1722 314 quibus
1748 278 1777 304 te

243 327 406 359 deflerem,

199 384 285 417 Haec
305 382 417 428 agendi
439 383 487 415 ria
511 392 634 425 semper
653 389 720 414 erat
742 393 810 414 mea
827 407 835 421 ,
859 390 890 415 et
916 383 941 415 si
968 385 1102 423 moriar,
1128 386 1304 429 relinquam
1330 385 1410 418 hane
1431 385 1492 417 illis
1519 386 1574 430 qui
1595 386 1670 418 ssent
1697 393 1776 418 tam-

243 453 336 486 quam
355 451 511 473 normam.

199 499 333 532 Dessevit
356 505 385 531 te
407 498 536 542 pluvia,
558 503 690 541 propter
712 504 743 531 te
763 505 873 532 ventus
894 500 1031 543 pectoris
1049 501 1095 531 sui
1113 506 1330 543 tegumentum
1350 501 1553 540 dilaceravit,
1579 502 1698 534 tonitru
1718 514 1775 535 no-

242 567 312 590 men
339 563 427 589 tuum
450 561 557 599 aperte
580 554 750 593 indicavit,

195 615 373 647 Dilacerata
395 620 441 646 est
471 613 564 645 vestis
588 612 730 644 fulminis
745 636 754 651 ,
787 612 932 645 tenebrae
955 613 1041 655 (nox)
1073 616 1210 647 vestibus
1234 615 1422 659 lugubribus
1444 628 1476 649 se
1499 617 1712 660 vestis-erunt,
1745 626 1776 652 et

240 672 350 704 stellae
367 672 467 704 noctis
489 672 519 703 in
537 680 715 703 consessum
731 669 767 701 ad
793 676 825 701 te
847 669 1075 714 deplorandum
1100 679 1264 705 venerunt.

196 729 360 762 Liberabit
381 736 412 762 te
430 730 490 762 Ille
514 730 569 773 qui
591 740 627 761 ex
648 734 747 773 puteo
769 727 915 760 liberarit
936 728 1113 773 Josephum
1128 752 1137 767 ‚
1162 729 1364 761 miserebitur
1378 733 1424 764 tui
1445 732 1470 764 is
1494 734 1548 776 qui
1571 733 1715 767 misertus
1728 742 1774 767 est

239 787 390 825 russiae,
414 786 471 818 filii
492 786 630 819 Mariae!

193 905 290 934 scuris.
330 903 363 933 In
385 902 502 933 secundo
522 902 688 932 hemistichio
704 912 803 941 repone
821 917 886 950 ΟΛ,
907 911 957 940 pro
977 916 1061 950 σε),
1085 902 1155 940 quod
1173 912 1263 931 merus
1283 903 1431 941 typothetae
1447 908 1483 934 est
1505 915 1603 940 error;
1623 909 1684 934 ante
1704 905 1774 934 illam

196 971 352 1009 particulam
377 971 527 1010 partitivam
548 958 610 1019 &a
630 969 786 1009 cogitatione
808 969 899 1008 supple
921 970 979 1005 l.,0‚
1004 973 1031 998 et
1055 972 1120 998 tunc
1147 979 1254 998 versum
1275 970 1311 998 sic
1332 975 1469 1000 construe:
1491 973 1522 1004 [Α
1551 960 1633 1006 [ᾆξέ
1658 971 1773 1020 0⁹5>ss

195 1045 242 1096 ¹⁵³2
266 1040 316 1101 {5⁴²
341 1052 456 1092 ὣς
473 1061 527 1090 quo
544 1051 615 1080 facto
634 1060 727 1080 sensus
747 1051 791 1080 ille
815 1051 919 1085 oritur,
941 1059 1021 1089 quem
1039 1050 1167 1079 vertendo
1185 1051 1306 1089 expressi.
1347 1042 1382 1101 {a
1403 1053 1475 1082 enirn
1494 1056 1531 1081 est
1549 1052 1686 1081 absolutus
1695 1053 1777 1089 suit,-

193 1132 256 1160 hinc
274 1132 305 1159 2³
323 1132 409 1160 forma
419 1131 549 1166 absolvit,
559 1132 681 1169 perfecit
691 1153 699 1166 ,
714 1131 757 1160 hic
768 1131 892 1167 adfinem
912 1132 1004 1160 venire
1015 1132 1105 1168 jecit,
1123 1133 1318 1169 cess-arefecit.
1337 1131 1398 1162 Non
1417 1132 1512 1161 dubito
1527 1133 1592 1171 quin
1603 1132 1667 1161 haec
1686 1134 1776 1161 versus

194 1200 227 1227 sit
245 1198 387 1231 sententia,
409 1197 453 1226 sed
474 1198 495 1226 si
517 1206 566 1235 pro
586 1179 663 1229 hillis
684 1198 840 1236 pronuntias
867 1192 962 1231 [fidu
984 1201 1009 1226 et
1033 1209 1082 1236 pro
1114 1190 1198 1231 Q
1219 1200 1377 1236 pronuntias
1399 1191 1499 1235 Q,
1526 1200 1548 1228 si
1565 1209 1647 1238 porro
1667 1200 1775 1237 simplex

200 1278 286 1313 μάξω
307 1279 395 1307 virum
417 1278 545 1313 divitem,
568 1281 593 1306 et
611 1268 683 1329 5⁵:⁴⁹⁶
705 1279 795 1306 virum
810 1283 972 1317 paupertate
994 1280 1141 1314 consectum
1159 1279 1309 1317 significare
1330 1289 1406 1318 posse
1429 1280 1583 1315 arbitraris,
1605 1280 1696 1308 versas
1715 1290 1776 1308 scn-

195 1361 278 1390 tantia
294 1364 319 1390 te
337 1359 428 1390 latebit
446 1363 471 1389 et
486 1369 612 1389 versurus
632 1370 657 1389 es
675 1369 736 1388 cum
757 1358 845 1388 NobiL
866 1358 899 1387 de
917 1357 1010 1387 Slane:
1033 1359 1101 1387 »On
1122 1358 1263 1398 departing
1282 1359 1354 1389 from
1375 1360 1419 1397 thy
1439 1359 1565 1399 kingdom
1578 1381 1586 1394 ‚
1608 1360 1622 1388 1
1646 1370 1715 1388 wore
1732 1360 1773 1388 the

198 1419 311 1453 »aspect
334 1416 394 1444 osa
420 1414 529 1452 wealtliy
555 1423 634 1447 man;
657 1413 705 1442 but
724 1423 781 1442 now
795 1435 801 1447 ‚
824 1412 941 1450 through
958 1412 1028 1452 grief
1047 1413 1089 1441 sor
1109 1413 1183 1447 thee,
1207 1413 1221 1441 1
1242 1423 1310 1442 seem
1332 1415 1383 1444 like
1408 1425 1457 1443 one
1482 1414 1540 1442 who
1567 1413 1613 1442 lias
1640 1413 1690 1442 lost
1708 1413 1773 1441 all.''

197 1469 273 1498 Licet
288 1470 416 1498 sententia
433 1469 476 1497 illa
490 1467 602 1497 absurda
622 1468 676 1496 sere
693 1468 740 1501 sit,
759 1483 798 1488 -
818 1475 867 1494 cur
882 1466 952 1494 enim
969 1466 1040 1494 dives
1057 1466 1193 1495 videretur
1209 1471 1286 1504 poeta
1302 1468 1455 1505 Hispaniam
1471 1467 1638 1506 relinquens,
1662 1470 1687 1495 ct
1702 1476 1774 1495 nunc

195 1525 223 1552 iu
244 1524 336 1552 Africa
355 1526 477 1561 pauper?
518 1522 651 1560 Principis
672 1522 742 1550 enim
761 1520 876 1549 conditio
899 1519 988 1548 eadem
1008 1530 1112 1557 semper
1136 1524 1205 1554 erat⁷
1226 1530 1331 1558 semper
1355 1524 1411 1549 erat
1431 1521 1565 1558 captivus,
1588 1524 1613 1548 et
1633 1529 1727 1557 parum
1747 1530 1774 1548 se

198 1576 311 1613 principi
332 1575 540 1604 commendasset
558 1579 633 1613 po'e‘ta
650 1575 670 1603 si
694 1574 813 1602 dixisset:
836 1572 906 1601 dives
925 1576 950 1600 et
967 1573 1049 1601 laetus
1074 1583 1147 1601 eram
1168 1573 1219 1601 iter
1236 1573 1397 1611 suscipiens,
1420 1582 1482 1600 nam
1505 1571 1538 1600 de
1559 1575 1584 1600 te
1610 1575 1707 1611 tuoque
1730 1573 1773 1600 in-

194 1629 312 1657 fortunio
330 1620 496 1668 neqiiaquam
519 1628 680 1667 cogitabam,
707 1645 740 1649 —
761 1627 836 1661 licet,
858 1627 986 1666 inquam,
1015 1626 1205 1655 seutentiajlla
1228 1626 1342 1655 absurda
1363 1626 1414 1661 sit,
1435 1625 1548 1655 similem
1572 1628 1678 1661 tamen,
1701 1625 1775 1653 dolo-

195 1692 251 1710 rem
272 1692 349 1710 suum
372 1683 549 1711 declarantem
562 1705 569 1718 ,
589 1692 604 1711 a
617 1683 696 1722 vulgo
713 1684 801 1711 mente
820 1680 963 1710 informari
984 1680 1120 1718 cupiebat3
1144 1683 1306 1718 quapropter
1324 1680 1352 1708 in

237 1736 293 1765 Vss.
314 1736 425 1765 18—21
458 1736 490 1765 de
514 1746 562 1765 suo
585 1735 677 1765 dolore
696 1738 722 1765 et
744 1735 776 1764 de
796 1735 876 1764 totius
894 1737 1006 1762 naturae
1028 1734 1209 1762 misericordia
1235 1733 1361 1772 loquitur.
1404 1733 1436 1762 In
1454 1733 1507 1762 fine
1527 1734 1617 1762 versus
1638 1733 1674 1762 19
1695 1733 1774 1762 verba

198 1805 284 1849 1.,Μῇ
308 1821 397 1852 μμ)
420 1813 464 1842 pp.
483 1803 635 1843 significant
653 1803 797 1841 vestigium
816 1802 872 1830 viae
894 1795 975 1840 quam
994 1800 1106 1834 calcavi,
1128 1801 1255 1829 distincte
1274 1805 1399 1829 notatum.
1441 1799 1474 1828 In
1493 1810 1532 1829 vs.
1546 1799 1585 1828 20
1602 1801 1688 1838 potius
1710 1802 1774 1843 ,ῥ’

195 1858 327 1896 (quocum
358 1859 467 1896 [ἅμ’-,ι
497 1857 719 1896 coniungendum
749 1856 802 1891 est)
835 1865 897 1884 cum
923 1854 1124 1884 'Ibn-Bassamo
1153 1855 1203 1893 legi
1230 1864 1310 1893 quam
1339 1854 1404 1908 δῦ,
1432 1863 1495 1882 cum
1518 1849 1680 1888 ‘Ilm-Call„
1710 1837 1773 1892 ifrn'a

217 1913 259 1945 Li,
282 1911 353 1950 quod
376 1911 408 1939 de
425 1911 532 1948 planctu
553 1910 673 1939 mulieris
691 1913 717 1939 et
736 1909 874 1938 columbae
892 1909 1006 1944 dicitur,
1029 1909 1117 1937 minus
1136 1909 1203 1937 bene
1225 1918 1288 1937 cum
1308 1909 1414 1936 tonitru
1437 1907 1563 1946 coniungi
1585 1907 1697 1936 ridetur,
1739 1908 1772 1935 In

193 1955 296 1994 duobus
314 1965 431 1994 versibus
451 1965 497 2004 qui
521 1964 590 2002 apud
605 1959 840 1993 'Iba-Callicanem
862 1962 985 1991 editionis
1004 1972 1077 1992 meae
1095 1972 1202 1990 versum
1226 1962 1262 1990 19
1287 1961 1437 2000 excipiunt,
1458 1961 1544 1990 adhuc
1569 1971 1657 1990 sermo
1683 1964 1722 1990 est
1741 1960 1773 1989 de

192 2020 282 2048 dolore
302 2027 430 2054 aurorae,
453 2018 554 2053 maris,
574 2017 652 2046 lunae
672 2021 697 2046 et.
716 2017 786 2045 solis.
828 2016 905 2046 Tunc
925 2016 957 2045 de
974 2016 1176 2045 ·a1-310=²t'amid0
1195 2017 1255 2045 navi
1280 2015 1396 2044 Africam
1416 2024 1506 2043 versus
1530 2018 1709 2053 transportato
1731 2015 1772 2043 lo-

194 2074 289 2111 quitur
310 2076 396 2110 poeta.
1208 2071 1212 2074 ”

238 2127 360 2165 Denique
380 2126 408 2155 in
429 2126 532 2155 duobus
557 2125 676 2154 versibus
696 2126 729 2154 ab
750 2119 958 2154 'Iba-Callicaue
978 2123 1114 2162 descriptis
1139 2123 1172 2152 de
1192 2123 1284 2152 fractis
1310 2125 1408 2153 catenis
1431 2133 1520 2153 sermo
1547 2126 1593 2152 est.
1646 2122 1771 2152 Nondum

196 2181 245 2208 hac
263 2181 295 2209 de
313 2191 340 2209 re
356 2181 427 2213 dixi3
448 2180 509 2209 licet
529 2181 600 2209 enim
622 2179 807 2208 'ibn-Bassam
825 2178 911 2213 dicat,
935 2178 984 2206 hac
1003 2178 1198 2216 opportunitate
1216 2178 1391 2215 compositum
1412 2187 1465 2206 esse
1485 2186 1613 2212 carmen,
1634 2179 1722 2205 tamen
1744 2178 1771 2205 in

199 2234 319 2262 versibus
336 2235 369 2262 ab
389 2235 438 2263 hoc
462 2237 570 2262 auctore
587 2233 725 2272 descriptis
745 2242 779 2262 ne
797 2232 880 2262 verbo
899 2231 1008 2271 quidem
1033 2231 1076 2260 hic
1102 2241 1177 2261 casus
1194 2234 1428 2260 commemoratur.
1478 2230 1513 2259 Et
1534 2230 1617 2260 fateor
1637 2230 1702 2259 mihi
1722 2231 1771 2259 hoc

200 2297 254 2314 non
271 2288 379 2316 maximi
397 2288 525 2316 momenti
543 2287 645 2320 videri:
669 2286 713 2315 sed
733 2295 819 2326 quum
835 2286 904 2315 forte
921 2286 1028 2315 fortun-'1
1046 2288 1151 2314 catenae
1172 2284 1272 2313 fractae
1291 2287 1392 2318 essent,
1415 2287 1490 2322 poeta
1515 2283 1578 2313 inde
1602 2285 1668 2313 bene
1685 2295 1771 2323 augu—

199 2343 272 2367 ratus
296 2343 350 2375 est,
375 2343 400 2368 et
421 2350 499 2370 omen
521 2350 582 2369 mox
604 2339 800 2379 recuperandae
822 2340 952 2368 libertatis
974 2339 1024 2368 hoc
1044 2349 1097 2368 esse
1122 2339 1233 2376 putavit.
1283 2338 1355 2369 Hinc
1374 2339 1403 2368 in
1425 2347 1464 2366 vs.
1484 2337 1522 2366 22
1541 2338 1770 2367 ·a1-Mo=·t‘amidnm

200 2392 249 2421 Dei
268 2393 397 2423 auxilium
411 2404 517 2432 sperare
535 2394 623 2429 iubet.
646 2397 671 2423 et
686 2394 801 2423 faustum
818 2396 942 2424 eventum
960 2393 985 2423 ei
1001 2395 1167 2432 apprecatur.
1470 2430 1489 2460 4

1490 2431 1507 2459 7
1516 2434 1530 2449 *
