<?xml version="1.0" encoding="UTF-8"?>
<!DOCTYPE html PUBLIC "-//W3C//DTD XHTML 1.0 Transitional//EN"
    "http://www.w3.org/TR/xhtml1/DTD/xhtml1-transitional.dtd">
<html xmlns="http://www.w3.org/1999/xhtml" xml:lang="en" lang="en">
 <head>
  <title>
</title>
<meta http-equiv="Content-Type" content="text/html;charset=utf-8" />
  <meta name='ocr-system' content='tesseract 3.04.00' />
  <meta name='ocr-capabilities' content='ocr_page ocr_carea ocr_par ocr_line ocrx_word'/>
</head>
<body>
  <div class='ocr_page' id='page_1' title='image "./historiaabbadida01dozyuoft_0487.png"; bbox 0 0 2053 2969; ppageno 0'>
   <div class='ocr_carea' id='block_1_1' title="bbox 790 233 1106 274">
    <p class='ocr_par' dir='ltr' id='par_1_1' title="bbox 790 233 1106 274">
     <span class='ocr_line' id='line_1_1' title="bbox 790 233 1106 274; baseline 0.006 -3"><span class='ocrx_word' id='word_1_1' title='bbox 790 233 1106 274; x_wconf 71' lang='lat'>—407—</span> 
     </span>
    </p>
   </div>
   <div class='ocr_carea' id='block_1_2' title="bbox 103 330 1779 1416">
    <p class='ocr_par' dir='ltr' id='par_1_2' title="bbox 103 330 1779 1416">
     <span class='ocr_line' id='line_1_2' title="bbox 157 330 1779 378; baseline 0.001 -12"><span class='ocrx_word' id='word_1_2' title='bbox 157 333 314 376; x_wconf 80' lang='lat' dir='ltr'><strong>Tempore</strong></span> <span class='ocrx_word' id='word_1_3' title='bbox 341 341 415 365; x_wconf 88' lang='lat' dir='ltr'>meo</span> <span class='ocrx_word' id='word_1_4' title='bbox 445 341 510 365; x_wconf 89' lang='lat' dir='ltr'>non</span> <span class='ocrx_word' id='word_1_5' title='bbox 533 336 701 365; x_wconf 86' lang='lat' dir='ltr'>contentus</span> <span class='ocrx_word' id='word_1_6' title='bbox 733 341 802 365; x_wconf 91' lang='lat' dir='ltr'>sum</span> <span class='ocrx_word' id='word_1_7' title='bbox 837 336 1007 376; x_wconf 84' lang='lat' dir='ltr'>antequam</span> <span class='ocrx_word' id='word_1_8' title='bbox 1035 337 1122 365; x_wconf 86' lang='lat' dir='ltr'>tuam</span> <span class='ocrx_word' id='word_1_9' title='bbox 1148 331 1272 365; x_wconf 80' lang='lat' dir='ltr'>videam</span> <span class='ocrx_word' id='word_1_10' title='bbox 1300 330 1570 376; x_wconf 84' lang='lat' dir='ltr'>pulchritudinem</span> <span class='ocrx_word' id='word_1_11' title='bbox 1595 334 1719 378; x_wconf 85' lang='lat' dir='ltr'>qualem</span> <span class='ocrx_word' id='word_1_12' title='bbox 1748 336 1779 367; x_wconf 85' lang='lat' dir='ltr'>in</span> 
     </span>
     <span class='ocr_line' id='line_1_3' title="bbox 198 388 470 423; baseline 0 -1"><span class='ocrx_word' id='word_1_13' title='bbox 198 389 288 422; x_wconf 71' lang='lat' dir='ltr'>nulla</span> <span class='ocrx_word' id='word_1_14' title='bbox 308 388 369 421; x_wconf 59' lang='lat' dir='ltr'>alia</span> <span class='ocrx_word' id='word_1_15' title='bbox 389 388 470 423; x_wconf 80' lang='lat' dir='ltr'>vidi.</span> 
     </span>
     <span class='ocr_line' id='line_1_4' title="bbox 109 444 776 492; baseline -0.004 -11"><span class='ocrx_word' id='word_1_16' title='bbox 109 447 244 492; x_wconf 83' lang='lat' dir='ltr'><strong>Scripsit</strong></span> <span class='ocrx_word' id='word_1_17' title='bbox 263 456 392 491; x_wconf 81' lang='lat' dir='ltr'>quoque</span> <span class='ocrx_word' id='word_1_18' title='bbox 413 452 581 490; x_wconf 84' lang='lat' dir='ltr'><strong>sequentes</strong></span> <span class='ocrx_word' id='word_1_19' title='bbox 604 445 711 478; x_wconf 67' lang='lat' dir='ltr'>versus</span> <span class='ocrx_word' id='word_1_20' title='bbox 725 444 776 478; x_wconf 82' lang='lat'>6¹:</span> 
     </span>
     <span class='ocr_line' id='line_1_5' title="bbox 153 502 1245 547; baseline 0.002 -11"><span class='ocrx_word' id='word_1_21' title='bbox 153 504 284 539; x_wconf 87' lang='lat' dir='ltr'>Utinam</span> <span class='ocrx_word' id='word_1_22' title='bbox 300 509 426 546; x_wconf 85' lang='lat' dir='ltr'>tempus</span> <span class='ocrx_word' id='word_1_23' title='bbox 443 508 516 535; x_wconf 84' lang='lat' dir='ltr'>tuae</span> <span class='ocrx_word' id='word_1_24' title='bbox 539 503 699 537; x_wconf 80' lang='lat' dir='ltr'>absentiae</span> <span class='ocrx_word' id='word_1_25' title='bbox 719 503 761 536; x_wconf 86' lang='lat' dir='ltr'>sit</span> <span class='ocrx_word' id='word_1_26' title='bbox 783 502 901 547; x_wconf 85' lang='lat' dir='ltr'>gracile</span> <span class='ocrx_word' id='word_1_27' title='bbox 924 509 960 536; x_wconf 92' lang='lat' dir='ltr'>ut</span> <span class='ocrx_word' id='word_1_28' title='bbox 981 509 1035 536; x_wconf 84' lang='lat' dir='ltr'>tua</span> <span class='ocrx_word' id='word_1_29' title='bbox 1055 510 1174 537; x_wconf 86' lang='lat' dir='ltr'>statura</span> <span class='ocrx_word' id='word_1_30' title='bbox 1192 503 1245 538; x_wconf 79' lang='lat'>62!</span> 
     </span>
     <span class='ocr_line' id='line_1_6' title="bbox 152 560 1691 606; baseline -0.001 -12"><span class='ocrx_word' id='word_1_31' title='bbox 152 561 262 594; x_wconf 84' lang='lat' dir='ltr'>Brevis</span> <span class='ocrx_word' id='word_1_32' title='bbox 281 560 322 592; x_wconf 87' lang='lat' dir='ltr'>sis</span> <span class='ocrx_word' id='word_1_33' title='bbox 341 566 377 592; x_wconf 87' lang='lat' dir='ltr'>ut</span> <span class='ocrx_word' id='word_1_34' title='bbox 397 567 523 606; x_wconf 84' lang='lat' dir='ltr'>tempus</span> <span class='ocrx_word' id='word_1_35' title='bbox 539 573 603 606; x_wconf 87' lang='lat' dir='ltr'>quo</span> <span class='ocrx_word' id='word_1_36' title='bbox 628 562 722 594; x_wconf 84' lang='lat' dir='ltr'>floret</span> <span class='ocrx_word' id='word_1_37' title='bbox 744 572 838 600; x_wconf 83' lang='lat' dir='ltr'>rosa;</span> <span class='ocrx_word' id='word_1_38' title='bbox 867 571 971 593; x_wconf 89' lang='lat' dir='ltr'>rosam</span> <span class='ocrx_word' id='word_1_39' title='bbox 999 561 1078 593; x_wconf 83' lang='lat' dir='ltr'>veris</span> <span class='ocrx_word' id='word_1_40' title='bbox 1099 560 1190 600; x_wconf 76' lang='lat' dir='ltr'>volo,</span> <span class='ocrx_word' id='word_1_41' title='bbox 1213 571 1276 593; x_wconf 92' lang='lat' dir='ltr'>non</span> <span class='ocrx_word' id='word_1_42' title='bbox 1303 572 1405 594; x_wconf 85' lang='lat' dir='ltr'>rosam</span> <span class='ocrx_word' id='word_1_43' title='bbox 1428 567 1500 595; x_wconf 86' lang='lat' dir='ltr'>tuae</span> <span class='ocrx_word' id='word_1_44' title='bbox 1520 573 1617 605; x_wconf 84' lang='lat' dir='ltr'>genae</span> <span class='ocrx_word' id='word_1_45' title='bbox 1637 561 1666 592; x_wconf 81' lang='lat'>⁶3</span> <span class='ocrx_word' id='word_1_46' title='bbox 1683 573 1691 599; x_wconf 95' lang='lat'>;</span> 
     </span>
     <span class='ocr_line' id='line_1_7' title="bbox 149 617 1778 663; baseline 0 -12"><span class='ocrx_word' id='word_1_47' title='bbox 149 618 192 651; x_wconf 87' lang='lat' dir='ltr'>Et</span> <span class='ocrx_word' id='word_1_48' title='bbox 216 617 268 650; x_wconf 85' lang='lat' dir='ltr'>sac</span> <span class='ocrx_word' id='word_1_49' title='bbox 289 623 325 649; x_wconf 89' lang='lat' dir='ltr'>ut</span> <span class='ocrx_word' id='word_1_50' title='bbox 345 629 416 650; x_wconf 78' lang='lat' dir='ltr'>mea</span> <span class='ocrx_word' id='word_1_51' title='bbox 445 619 478 651; x_wconf 92' lang='lat' dir='ltr'>in</span> <span class='ocrx_word' id='word_1_52' title='bbox 509 630 615 653; x_wconf 88' lang='lat' dir='ltr'>amore</span> <span class='ocrx_word' id='word_1_53' title='bbox 636 619 812 652; x_wconf 83' lang='lat' dir='ltr'>constantia</span> <span class='ocrx_word' id='word_1_54' title='bbox 835 618 956 652; x_wconf 87' lang='lat' dir='ltr'>tamdiu</span> <span class='ocrx_word' id='word_1_55' title='bbox 977 618 1061 651; x_wconf 76' lang='lat' dir='ltr'>vivat</span> <span class='ocrx_word' id='word_1_56' title='bbox 1078 629 1172 662; x_wconf 83' lang='lat' dir='ltr'>quam</span> <span class='ocrx_word' id='word_1_57' title='bbox 1196 625 1268 651; x_wconf 83' lang='lat' dir='ltr'>tuae</span> <span class='ocrx_word' id='word_1_58' title='bbox 1286 629 1383 663; x_wconf 79' lang='lat' dir='ltr'>genae</span> <span class='ocrx_word' id='word_1_59' title='bbox 1403 630 1490 658; x_wconf 81' lang='lat' dir='ltr'>rosa,</span> <span class='ocrx_word' id='word_1_60' title='bbox 1516 625 1547 652; x_wconf 92' lang='lat' dir='ltr'>et</span> <span class='ocrx_word' id='word_1_61' title='bbox 1565 626 1617 651; x_wconf 90' lang='lat' dir='ltr'>tua</span> <span class='ocrx_word' id='word_1_62' title='bbox 1638 619 1778 653; x_wconf 81' lang='lat' dir='ltr'>absentia</span> 
     </span>
     <span class='ocr_line' id='line_1_8' title="bbox 195 675 735 720; baseline 0.004 -12"><span class='ocrx_word' id='word_1_63' title='bbox 195 683 258 708; x_wconf 87' lang='lat' dir='ltr'>tam</span> <span class='ocrx_word' id='word_1_64' title='bbox 280 675 418 708; x_wconf 89' lang='lat' dir='ltr'>breviter</span> <span class='ocrx_word' id='word_1_65' title='bbox 439 687 534 720; x_wconf 88' lang='lat' dir='ltr'>quam</span> <span class='ocrx_word' id='word_1_66' title='bbox 554 688 625 710; x_wconf 88' lang='lat' dir='ltr'>rosa</span> <span class='ocrx_word' id='word_1_67' title='bbox 641 677 735 711; x_wconf 83' lang='lat' dir='ltr'>veris.</span> 
     </span>
     <span class='ocr_line' id='line_1_9' title="bbox 148 731 1623 779; baseline -0.001 -12"><span class='ocrx_word' id='word_1_68' title='bbox 148 734 196 767; x_wconf 89' lang='lat' dir='ltr'>De</span> <span class='ocrx_word' id='word_1_69' title='bbox 218 741 250 767; x_wconf 86' lang='lat' dir='ltr'>te</span> <span class='ocrx_word' id='word_1_70' title='bbox 267 738 437 766; x_wconf 85' lang='lat' dir='ltr'>contentus</span> <span class='ocrx_word' id='word_1_71' title='bbox 461 744 551 773; x_wconf 87' lang='lat' dir='ltr'>sum,</span> <span class='ocrx_word' id='word_1_72' title='bbox 578 733 654 768; x_wconf 89' lang='lat' dir='ltr'>licet</span> <span class='ocrx_word' id='word_1_73' title='bbox 675 746 739 768; x_wconf 88' lang='lat' dir='ltr'>non</span> <span class='ocrx_word' id='word_1_74' title='bbox 759 733 930 768; x_wconf 80' lang='lat' dir='ltr'><strong>satisfacias</strong></span> <span class='ocrx_word' id='word_1_75' title='bbox 948 731 981 765; x_wconf 78' lang='lat'>⁶4</span> <span class='ocrx_word' id='word_1_76' title='bbox 1003 734 1090 768; x_wconf 85' lang='lat' dir='ltr'>suavi</span> <span class='ocrx_word' id='word_1_77' title='bbox 1111 735 1265 779; x_wconf 89' lang='lat' dir='ltr'>promisso</span> <span class='ocrx_word' id='word_1_78' title='bbox 1285 732 1370 778; x_wconf 89' lang='lat' dir='ltr'>quod</span> <span class='ocrx_word' id='word_1_79' title='bbox 1393 732 1472 766; x_wconf 89' lang='lat' dir='ltr'>mihi</span> <span class='ocrx_word' id='word_1_80' title='bbox 1497 732 1623 766; x_wconf 87' lang='lat' dir='ltr'>dedisti.</span> 
     </span>
     <span class='ocr_line' id='line_1_10' title="bbox 103 793 445 836; baseline -0.012 -9"><span class='ocrx_word' id='word_1_81' title='bbox 103 793 266 827; x_wconf 81' lang='lat' dir='ltr'>Recitavit</span> <span class='ocrx_word' id='word_1_82' title='bbox 290 802 418 836; x_wconf 86' lang='lat' dir='ltr'>quoque</span> <span class='ocrx_word' id='word_1_83' title='bbox 436 803 445 823; x_wconf 90' lang='lat'><strong>:</strong></span> 
     </span>
     <span class='ocr_line' id='line_1_11' title="bbox 147 847 1775 896; baseline -0.002 -13"><span class='ocrx_word' id='word_1_84' title='bbox 147 850 183 883; x_wconf 89' lang='lat' dir='ltr'>Si</span> <span class='ocrx_word' id='word_1_85' title='bbox 203 861 260 883; x_wconf 92' lang='lat' dir='ltr'>nos</span> <span class='ocrx_word' id='word_1_86' title='bbox 283 850 450 888; x_wconf 81' lang='lat' dir='ltr'><strong>visitares,</strong></span> <span class='ocrx_word' id='word_1_87' title='bbox 478 847 601 881; x_wconf 80' lang='lat' dir='ltr'>videres</span> <span class='ocrx_word' id='word_1_88' title='bbox 625 849 712 893; x_wconf 86' lang='lat' dir='ltr'>quod</span> <span class='ocrx_word' id='word_1_89' title='bbox 736 860 903 896; x_wconf 82' lang='lat' dir='ltr'>nunquam</span> <span class='ocrx_word' id='word_1_90' title='bbox 925 847 1054 889; x_wconf 80' lang='lat' dir='ltr'>vidisti,</span> <span class='ocrx_word' id='word_1_91' title='bbox 1080 854 1246 894; x_wconf 83' lang='lat' dir='ltr'>argentum</span> <span class='ocrx_word' id='word_1_92' title='bbox 1269 859 1384 893; x_wconf 86' lang='lat' dir='ltr'><strong>nempe</strong></span> <span class='ocrx_word' id='word_1_93' title='bbox 1408 847 1617 892; x_wconf 82' lang='lat' dir='ltr'>liquefactum</span> <span class='ocrx_word' id='word_1_94' title='bbox 1642 860 1672 881; x_wconf 88' lang='lat' dir='ltr'>se</span> <span class='ocrx_word' id='word_1_95' title='bbox 1696 850 1775 881; x_wconf 59' lang='lat' dir='ltr'>mis-</span> 
     </span>
     <span class='ocr_line' id='line_1_12' title="bbox 195 906 668 951; baseline 0.002 -11"><span class='ocrx_word' id='word_1_96' title='bbox 195 919 267 942; x_wconf 86' lang='lat' dir='ltr'>cere</span> <span class='ocrx_word' id='word_1_97' title='bbox 289 919 362 941; x_wconf 89' lang='lat' dir='ltr'>cum</span> <span class='ocrx_word' id='word_1_98' title='bbox 385 918 464 940; x_wconf 86' lang='lat' dir='ltr'>auro</span> <span class='ocrx_word' id='word_1_99' title='bbox 481 906 668 951; x_wconf 80' lang='lat' dir='ltr'>liquefacto.</span> 
     </span>
     <span class='ocr_line' id='line_1_13' title="bbox 150 985 1773 999; baseline -0.003 0"><span class='ocrx_word' id='word_1_100' title='bbox 150 985 1773 999; x_wconf 72' lang='lat'><strong>..............................................</strong></span> 
     </span>
     <span class='ocr_line' id='line_1_14' title="bbox 108 1021 752 1068; baseline -0.002 -12"><span class='ocrx_word' id='word_1_101' title='bbox 108 1024 194 1056; x_wconf 82' lang='lat' dir='ltr'>Dixit</span> <span class='ocrx_word' id='word_1_102' title='bbox 217 1025 249 1056; x_wconf 92' lang='lat' dir='ltr'>in</span> <span class='ocrx_word' id='word_1_103' title='bbox 271 1023 496 1068; x_wconf 86' lang='lat' dir='ltr'>pedissequum</span> <span class='ocrx_word' id='word_1_104' title='bbox 520 1021 591 1055; x_wconf 76' lang='lat' dir='ltr'>Sais</span> <span class='ocrx_word' id='word_1_105' title='bbox 607 1021 752 1055; x_wconf 85' lang='lat' dir='ltr'>dictum:</span> 
     </span>
     <span class='ocr_line' id='line_1_15' title="bbox 147 1076 1775 1125; baseline -0.004 -10"><span class='ocrx_word' id='word_1_106' title='bbox 147 1082 232 1116; x_wconf 79' lang='lat' dir='ltr'>Saifz&#39;</span> <span class='ocrx_word' id='word_1_107' title='bbox 252 1081 377 1125; x_wconf 83' lang='lat' dir='ltr'>(gladii)</span> <span class='ocrx_word' id='word_1_108' title='bbox 397 1091 512 1112; x_wconf 89' lang='lat' dir='ltr'>nomen</span> <span class='ocrx_word' id='word_1_109' title='bbox 528 1080 558 1111; x_wconf 87' lang='lat' dir='ltr'>ei</span> <span class='ocrx_word' id='word_1_110' title='bbox 579 1081 800 1124; x_wconf 83' lang='lat' dir='ltr'>imposuerunt</span> <span class='ocrx_word' id='word_1_111' title='bbox 813 1103 822 1119; x_wconf 93' lang='lat'><em>‚</em></span> <span class='ocrx_word' id='word_1_112' title='bbox 846 1084 878 1111; x_wconf 89' lang='lat' dir='ltr'>et</span> <span class='ocrx_word' id='word_1_113' title='bbox 895 1078 928 1111; x_wconf 91' lang='lat' dir='ltr'>in</span> <span class='ocrx_word' id='word_1_114' title='bbox 947 1079 1014 1111; x_wconf 87' lang='lat' dir='ltr'>eius</span> <span class='ocrx_word' id='word_1_115' title='bbox 1038 1076 1138 1111; x_wconf 92' lang='lat' dir='ltr'>oculis</span> <span class='ocrx_word' id='word_1_116' title='bbox 1158 1076 1222 1110; x_wconf 86' lang='lat' dir='ltr'>duo</span> <span class='ocrx_word' id='word_1_117' title='bbox 1240 1084 1313 1111; x_wconf 89' lang='lat' dir='ltr'>sunt</span> <span class='ocrx_word' id='word_1_118' title='bbox 1333 1077 1451 1123; x_wconf 81' lang='lat' dir='ltr'>gladii:</span> <span class='ocrx_word' id='word_1_119' title='bbox 1474 1079 1540 1123; x_wconf 88' lang='lat' dir='ltr'>ipse</span> <span class='ocrx_word' id='word_1_120' title='bbox 1560 1078 1597 1110; x_wconf 89' lang='lat' dir='ltr'>ad</span> <span class='ocrx_word' id='word_1_121' title='bbox 1620 1089 1670 1111; x_wconf 88' lang='lat' dir='ltr'>rne</span> <span class='ocrx_word' id='word_1_122' title='bbox 1687 1080 1775 1109; x_wconf 83' lang='lat' dir='ltr'>occi-</span> 
     </span>
     <span class='ocr_line' id='line_1_16' title="bbox 191 1137 674 1172; baseline -0.008 0"><span class='ocrx_word' id='word_1_123' title='bbox 191 1139 331 1172; x_wconf 85' lang='lat' dir='ltr'>dendum</span> <span class='ocrx_word' id='word_1_124' title='bbox 352 1138 481 1169; x_wconf 88' lang='lat' dir='ltr'>strictus</span> <span class='ocrx_word' id='word_1_125' title='bbox 503 1143 550 1169; x_wconf 89' lang='lat' dir='ltr'>est</span> <span class='ocrx_word' id='word_1_126' title='bbox 569 1143 604 1169; x_wconf 89' lang='lat' dir='ltr'>ut</span> <span class='ocrx_word' id='word_1_127' title='bbox 627 1137 674 1169; x_wconf 84' lang='lat' dir='ltr'>hi.</span> 
     </span>
     <span class='ocr_line' id='line_1_17' title="bbox 144 1192 1775 1238; baseline -0.004 -7"><span class='ocrx_word' id='word_1_128' title='bbox 144 1198 257 1231; x_wconf 82' lang='lat' dir='ltr'><strong>Nonne</strong></span> <span class='ocrx_word' id='word_1_129' title='bbox 274 1196 397 1230; x_wconf 84' lang='lat' dir='ltr'>suffecit</span> <span class='ocrx_word' id='word_1_130' title='bbox 417 1206 478 1226; x_wconf 88' lang='lat' dir='ltr'>una</span> <span class='ocrx_word' id='word_1_131' title='bbox 497 1206 581 1226; x_wconf 88' lang='lat' dir='ltr'>mors</span> <span class='ocrx_word' id='word_1_132' title='bbox 599 1194 704 1238; x_wconf 82' lang='lat' dir='ltr'>gladio</span> <span class='ocrx_word' id='word_1_133' title='bbox 716 1195 733 1227; x_wconf 67' lang='grc' dir='ltr'>’.Ρ</span> <span class='ocrx_word' id='word_1_134' title='bbox 753 1194 984 1227; x_wconf 84' lang='lat' dir='ltr'>Debuissentne</span> <span class='ocrx_word' id='word_1_135' title='bbox 1005 1194 1071 1228; x_wconf 82' lang='lat' dir='ltr'>sato</span> <span class='ocrx_word' id='word_1_136' title='bbox 1093 1192 1298 1228; x_wconf 88' lang='lat' dir='ltr'>determinari</span> <span class='ocrx_word' id='word_1_137' title='bbox 1314 1192 1394 1228; x_wconf 85' lang='lat' dir='ltr'><strong>duae</strong></span> <span class='ocrx_word' id='word_1_138' title='bbox 1414 1199 1530 1227; x_wconf 89' lang='lat' dir='ltr'>mortes</span> <span class='ocrx_word' id='word_1_139' title='bbox 1551 1205 1684 1238; x_wconf 88' lang='lat' dir='ltr'>quarum</span> <span class='ocrx_word' id='word_1_140' title='bbox 1703 1204 1775 1225; x_wconf 85' lang='lat' dir='ltr'>cau-</span> 
     </span>
     <span class='ocr_line' id='line_1_18' title="bbox 195 1253 475 1288; baseline -0.011 -1"><span class='ocrx_word' id='word_1_141' title='bbox 195 1267 246 1288; x_wconf 86' lang='lat' dir='ltr'>sae</span> <span class='ocrx_word' id='word_1_142' title='bbox 264 1262 338 1288; x_wconf 86' lang='lat' dir='ltr'>sunt</span> <span class='ocrx_word' id='word_1_143' title='bbox 362 1253 446 1286; x_wconf 90' lang='lat' dir='ltr'>oculi</span> <span class='ocrx_word' id='word_1_144' title='bbox 457 1253 475 1284; x_wconf 72' lang='grc' dir='ltr'>ἐ’</span> 
     </span>
     <span class='ocr_line' id='line_1_19' title="bbox 149 1308 1771 1358; baseline -0.003 -12"><span class='ocrx_word' id='word_1_145' title='bbox 149 1313 217 1358; x_wconf 81' lang='lat' dir='ltr'>Ego</span> <span class='ocrx_word' id='word_1_146' title='bbox 241 1313 332 1345; x_wconf 87' lang='lat' dir='ltr'>illum</span> <span class='ocrx_word' id='word_1_147' title='bbox 365 1311 526 1356; x_wconf 78' lang='lat' dir='ltr'>captivum</span> <span class='ocrx_word' id='word_1_148' title='bbox 561 1311 623 1343; x_wconf 89' lang='lat' dir='ltr'>feci</span> <span class='ocrx_word' id='word_1_149' title='bbox 645 1309 677 1334; x_wconf 87' lang='lat'>66</span> <span class='ocrx_word' id='word_1_150' title='bbox 691 1334 699 1348; x_wconf 86' lang='lat'>‚</span> <span class='ocrx_word' id='word_1_151' title='bbox 724 1320 776 1342; x_wconf 90' lang='lat' dir='ltr'>me</span> <span class='ocrx_word' id='word_1_152' title='bbox 795 1316 900 1342; x_wconf 83' lang='lat' dir='ltr'>autem</span> <span class='ocrx_word' id='word_1_153' title='bbox 927 1310 993 1342; x_wconf 85' lang='lat' dir='ltr'>eius</span> <span class='ocrx_word' id='word_1_154' title='bbox 1015 1308 1108 1342; x_wconf 89' lang='lat' dir='ltr'>limus</span> <span class='ocrx_word' id='word_1_155' title='bbox 1140 1310 1275 1343; x_wconf 79' lang='lat' dir='ltr'>intuitus</span> <span class='ocrx_word' id='word_1_156' title='bbox 1303 1309 1401 1355; x_wconf 88' lang='lat' dir='ltr'>ipsius</span> <span class='ocrx_word' id='word_1_157' title='bbox 1431 1310 1592 1354; x_wconf 75' lang='lat' dir='ltr'>captivum</span> <span class='ocrx_word' id='word_1_158' title='bbox 1612 1308 1771 1347; x_wconf 82' lang='lat' dir='ltr'>reddidit3</span> 
     </span>
     <span class='ocr_line' id='line_1_20' title="bbox 190 1369 953 1416; baseline -0.001 -13"><span class='ocrx_word' id='word_1_159' title='bbox 190 1377 327 1416; x_wconf 88' lang='lat' dir='ltr'>uterque</span> <span class='ocrx_word' id='word_1_160' title='bbox 346 1372 455 1415; x_wconf 89' lang='lat' dir='ltr'>itaque</span> <span class='ocrx_word' id='word_1_161' title='bbox 478 1375 622 1402; x_wconf 86' lang='lat' dir='ltr'>nostrum</span> <span class='ocrx_word' id='word_1_162' title='bbox 643 1369 704 1402; x_wconf 84' lang='lat' dir='ltr'>iam</span> <span class='ocrx_word' id='word_1_163' title='bbox 728 1374 775 1402; x_wconf 84' lang='lat' dir='ltr'>est</span> <span class='ocrx_word' id='word_1_164' title='bbox 796 1369 953 1414; x_wconf 73' lang='lat' dir='ltr'>captivus,</span> 
     </span>
    </p>
   </div>
   <div class='ocr_carea' id='block_1_3' title="bbox 102 1481 1772 1846">
    <p class='ocr_par' dir='ltr' id='par_1_3' title="bbox 105 1481 1772 1586">
     <span class='ocr_line' id='line_1_21' title="bbox 105 1481 1772 1524; baseline -0.003 -10"><span class='ocrx_word' id='word_1_165' title='bbox 105 1484 156 1523; x_wconf 84' lang='lat'>61)</span> <span class='ocrx_word' id='word_1_166' title='bbox 185 1484 228 1514; x_wconf 91' lang='lat' dir='ltr'>De</span> <span class='ocrx_word' id='word_1_167' title='bbox 247 1488 336 1515; x_wconf 79' lang='lat' dir='ltr'>metro</span> <span class='ocrx_word' id='word_1_168' title='bbox 355 1485 456 1515; x_wconf 88' lang='lat' dir='ltr'>horum</span> <span class='ocrx_word' id='word_1_169' title='bbox 474 1495 602 1514; x_wconf 85' lang='lat' dir='ltr'>versuum</span> <span class='ocrx_word' id='word_1_170' title='bbox 619 1483 678 1514; x_wconf 80' lang='lat' dir='ltr'>vide</span> <span class='ocrx_word' id='word_1_171' title='bbox 699 1494 779 1524; x_wconf 87' lang='lat' dir='ltr'>supra</span> <span class='ocrx_word' id='word_1_172' title='bbox 795 1494 823 1523; x_wconf 90' lang='lat' dir='ltr'>p.</span> <span class='ocrx_word' id='word_1_173' title='bbox 840 1483 899 1513; x_wconf 87' lang='grc'>330</span> <span class='ocrx_word' id='word_1_174' title='bbox 917 1493 980 1513; x_wconf 87' lang='lat' dir='ltr'>ann.</span> <span class='ocrx_word' id='word_1_175' title='bbox 994 1482 1074 1521; x_wconf 86' lang='lat'>(34);</span> <span class='ocrx_word' id='word_1_176' title='bbox 1092 1482 1138 1513; x_wconf 85' lang='lat' dir='ltr'>sed</span> <span class='ocrx_word' id='word_1_177' title='bbox 1157 1482 1354 1514; x_wconf 78' lang='lat' dir='ltr'>observandum</span> <span class='ocrx_word' id='word_1_178' title='bbox 1374 1481 1420 1514; x_wconf 83' lang='lat' dir='ltr'>hic</span> <span class='ocrx_word' id='word_1_179' title='bbox 1436 1483 1561 1513; x_wconf 83' lang='lat' dir='ltr'>ultimum</span> <span class='ocrx_word' id='word_1_180' title='bbox 1579 1481 1671 1522; x_wconf 88' lang='lat' dir='ltr'>pedem</span> <span class='ocrx_word' id='word_1_181' title='bbox 1694 1482 1772 1519; x_wconf 76' lang='lat' dir='ltr'>primi</span> 
     </span>
     <span class='ocr_line' id='line_1_22' title="bbox 177 1536 1090 1586; baseline -0.001 -18"><span class='ocrx_word' id='word_1_182' title='bbox 177 1539 336 1569; x_wconf 76' lang='lat' dir='ltr'>hemistichii</span> <span class='ocrx_word' id='word_1_183' title='bbox 353 1540 382 1569; x_wconf 86' lang='lat' dir='ltr'>in</span> <span class='ocrx_word' id='word_1_184' title='bbox 397 1550 448 1570; x_wconf 77' lang='lat' dir='ltr'>vss,</span> <span class='ocrx_word' id='word_1_185' title='bbox 464 1539 482 1569; x_wconf 87' lang='lat'>3</span> <span class='ocrx_word' id='word_1_186' title='bbox 502 1542 528 1570; x_wconf 85' lang='lat' dir='ltr'>et</span> <span class='ocrx_word' id='word_1_187' title='bbox 541 1538 561 1569; x_wconf 84' lang='lat'><strong>4</strong></span> <span class='ocrx_word' id='word_1_188' title='bbox 578 1549 631 1568; x_wconf 88' lang='lat' dir='ltr'>esse</span> <span class='ocrx_word' id='word_1_189' title='bbox 652 1553 717 1583; x_wconf 45' lang='grc' dir='ltr'>ωηο</span> <span class='ocrx_word' id='word_1_190' title='bbox 743 1538 834 1586; x_wconf 52' lang='grc' dir='ltr'>υἱώ</span> <span class='ocrx_word' id='word_1_191' title='bbox 855 1536 899 1568; x_wconf 79' lang='lat' dir='ltr'>rel</span> <span class='ocrx_word' id='word_1_192' title='bbox 917 1551 981 1582; x_wconf 44' lang='grc' dir='ltr'>αμα</span> <span class='ocrx_word' id='word_1_193' title='bbox 1002 1538 1090 1586; x_wconf 57' lang='grc' dir='ltr'>σιω.</span> 
     </span>
    </p>

    <p class='ocr_par' dir='ltr' id='par_1_4' title="bbox 102 1591 1451 1631">
     <span class='ocr_line' id='line_1_23' title="bbox 102 1591 1451 1631; baseline -0.001 -9"><span class='ocrx_word' id='word_1_194' title='bbox 102 1592 151 1629; x_wconf 82' lang='grc'>62)</span> <span class='ocrx_word' id='word_1_195' title='bbox 181 1592 245 1621; x_wconf 78' lang='lat' dir='ltr'>vult</span> <span class='ocrx_word' id='word_1_196' title='bbox 259 1596 346 1631; x_wconf 64' lang='lat' dir='ltr'>poeta:</span> <span class='ocrx_word' id='word_1_197' title='bbox 366 1593 460 1623; x_wconf 61' lang='lat' dir='ltr'>Brevis</span> <span class='ocrx_word' id='word_1_198' title='bbox 480 1594 513 1622; x_wconf 83' lang='lat' dir='ltr'>sit</span> <span class='ocrx_word' id='word_1_199' title='bbox 528 1597 572 1622; x_wconf 88' lang='lat' dir='ltr'>tua</span> <span class='ocrx_word' id='word_1_200' title='bbox 589 1593 723 1627; x_wconf 84' lang='lat' dir='ltr'>absentia,</span> <span class='ocrx_word' id='word_1_201' title='bbox 743 1591 875 1631; x_wconf 88' lang='lat' dir='ltr'>huiusque</span> <span class='ocrx_word' id='word_1_202' title='bbox 893 1591 1008 1620; x_wconf 77' lang='lat' dir='ltr'>brevitas</span> <span class='ocrx_word' id='word_1_203' title='bbox 1027 1594 1121 1630; x_wconf 79' lang='lat' dir='ltr'><strong>aequet</strong></span> <span class='ocrx_word' id='word_1_204' title='bbox 1139 1591 1237 1630; x_wconf 85' lang='lat' dir='ltr'>gracile</span> <span class='ocrx_word' id='word_1_205' title='bbox 1250 1594 1328 1620; x_wconf 77' lang='lat' dir='ltr'>tuum</span> <span class='ocrx_word' id='word_1_206' title='bbox 1347 1601 1451 1629; x_wconf 78' lang='lat' dir='ltr'>corpuS.</span> 
     </span>
    </p>

    <p class='ocr_par' dir='ltr' id='par_1_5' title="bbox 102 1643 1772 1739">
     <span class='ocr_line' id='line_1_24' title="bbox 102 1643 1772 1685; baseline -0.002 -11"><span class='ocrx_word' id='word_1_207' title='bbox 102 1645 152 1683; x_wconf 85' lang='lat'>63)</span> <span class='ocrx_word' id='word_1_208' title='bbox 181 1646 257 1674; x_wconf 79' lang='lat' dir='ltr'>Hanc</span> <span class='ocrx_word' id='word_1_209' title='bbox 279 1646 350 1675; x_wconf 88' lang='lat' dir='ltr'>enim</span> <span class='ocrx_word' id='word_1_210' title='bbox 369 1657 474 1685; x_wconf 85' lang='lat' dir='ltr'><strong>semper</strong></span> <span class='ocrx_word' id='word_1_211' title='bbox 493 1647 616 1676; x_wconf 83' lang='lat' dir='ltr'>floridam</span> <span class='ocrx_word' id='word_1_212' title='bbox 633 1646 690 1675; x_wconf 84' lang='lat' dir='ltr'>sore</span> <span class='ocrx_word' id='word_1_213' title='bbox 709 1649 785 1685; x_wconf 77' lang='lat' dir='ltr'>pulat</span> <span class='ocrx_word' id='word_1_214' title='bbox 806 1645 924 1674; x_wconf 87' lang='lat' dir='ltr'>urbanus</span> <span class='ocrx_word' id='word_1_215' title='bbox 941 1647 1027 1684; x_wconf 67' lang='lat' dir='ltr'>poeta.</span> <span class='ocrx_word' id='word_1_216' title='bbox 1047 1660 1088 1667; x_wconf 93' lang='lat'>—</span> <span class='ocrx_word' id='word_1_217' title='bbox 1101 1645 1143 1674; x_wconf 93' lang='lat' dir='ltr'>De</span> <span class='ocrx_word' id='word_1_218' title='bbox 1156 1645 1212 1674; x_wconf 62' lang='lat' dir='ltr'>‘elis</span> <span class='ocrx_word' id='word_1_219' title='bbox 1222 1644 1348 1674; x_wconf 70' lang='lat' dir='ltr'>hamzacd</span> <span class='ocrx_word' id='word_1_220' title='bbox 1366 1654 1416 1684; x_wconf 88' lang='lat' dir='ltr'>pro</span> <span class='ocrx_word' id='word_1_221' title='bbox 1432 1643 1488 1673; x_wconf 69' lang='lat' dir='ltr'>*elif</span> <span class='ocrx_word' id='word_1_222' title='bbox 1506 1643 1614 1682; x_wconf 69' lang='lat' dir='ltr'>weflatd</span> <span class='ocrx_word' id='word_1_223' title='bbox 1635 1643 1672 1672; x_wconf 83' lang='lat' dir='ltr'>cf.</span> <span class='ocrx_word' id='word_1_224' title='bbox 1693 1653 1772 1680; x_wconf 80' lang='lat' dir='ltr'>supra</span> 
     </span>
     <span class='ocr_line' id='line_1_25' title="bbox 181 1698 476 1739; baseline 0 -11"><span class='ocrx_word' id='word_1_225' title='bbox 181 1710 209 1737; x_wconf 90' lang='lat' dir='ltr'>p.</span> <span class='ocrx_word' id='word_1_226' title='bbox 228 1698 285 1728; x_wconf 80' lang='lat'>144</span> <span class='ocrx_word' id='word_1_227' title='bbox 305 1710 369 1730; x_wconf 87' lang='lat' dir='ltr'>ann.</span> <span class='ocrx_word' id='word_1_228' title='bbox 382 1700 476 1739; x_wconf 81' lang='lat'>(416).</span> 
     </span>
    </p>

    <p class='ocr_par' dir='ltr' id='par_1_6' title="bbox 103 1751 978 1804">
     <span class='ocr_line' id='line_1_26' title="bbox 103 1751 978 1804; baseline -0.001 -23"><span class='ocrx_word' id='word_1_229' title='bbox 103 1752 151 1790; x_wconf 78' lang='lat'>64)</span> <span class='ocrx_word' id='word_1_230' title='bbox 183 1753 214 1782; x_wconf 76' lang='lat'>4²</span> <span class='ocrx_word' id='word_1_231' title='bbox 230 1753 320 1782; x_wconf 82' lang='lat' dir='ltr'>forma</span> <span class='ocrx_word' id='word_1_232' title='bbox 339 1754 414 1783; x_wconf 87' lang='lat' dir='ltr'>verbi</span> <span class='ocrx_word' id='word_1_233' title='bbox 427 1758 505 1804; x_wconf 53' lang='lat'>550</span> <span class='ocrx_word' id='word_1_234' title='bbox 526 1753 571 1783; x_wconf 77' lang='lat' dir='ltr'>hic</span> <span class='ocrx_word' id='word_1_235' title='bbox 590 1763 653 1782; x_wconf 90' lang='lat' dir='ltr'>cum</span> <span class='ocrx_word' id='word_1_236' title='bbox 675 1768 709 1794; x_wconf 50' lang='lat' dir='ltr'>h?</span> <span class='ocrx_word' id='word_1_237' title='bbox 730 1752 850 1782; x_wconf 77' lang='lat' dir='ltr'>construi</span> <span class='ocrx_word' id='word_1_238' title='bbox 865 1751 978 1781; x_wconf 78' lang='lat' dir='ltr'>videtur.</span> 
     </span>
    </p>

    <p class='ocr_par' dir='ltr' id='par_1_7' title="bbox 103 1803 1772 1846">
     <span class='ocr_line' id='line_1_27' title="bbox 103 1803 1772 1846; baseline -0.001 -12"><span class='ocrx_word' id='word_1_239' title='bbox 103 1806 154 1844; x_wconf 85' lang='lat'>65)</span> <span class='ocrx_word' id='word_1_240' title='bbox 182 1807 298 1836; x_wconf 85' lang='lat' dir='ltr'><strong>Versum</strong></span> <span class='ocrx_word' id='word_1_241' title='bbox 318 1807 363 1837; x_wconf 84' lang='lat' dir='ltr'>hic</span> <span class='ocrx_word' id='word_1_242' title='bbox 378 1818 393 1836; x_wconf 84' lang='lat' dir='ltr'>a</span> <span class='ocrx_word' id='word_1_243' title='bbox 413 1818 456 1836; x_wconf 90' lang='lat' dir='ltr'>me</span> <span class='ocrx_word' id='word_1_244' title='bbox 475 1808 605 1837; x_wconf 78' lang='lat' dir='ltr'>omissum</span> <span class='ocrx_word' id='word_1_245' title='bbox 628 1808 744 1846; x_wconf 81' lang='lat' dir='ltr'>optime,</span> <span class='ocrx_word' id='word_1_246' title='bbox 767 1807 795 1835; x_wconf 92' lang='lat' dir='ltr'>ni</span> <span class='ocrx_word' id='word_1_247' title='bbox 817 1806 913 1841; x_wconf 80' lang='lat' dir='ltr'>fallor,</span> <span class='ocrx_word' id='word_1_248' title='bbox 938 1805 1071 1845; x_wconf 74' lang='lat' dir='ltr'>intelligo,</span> <span class='ocrx_word' id='word_1_249' title='bbox 1091 1808 1206 1834; x_wconf 79' lang='lat' dir='ltr'>attamen</span> <span class='ocrx_word' id='word_1_250' title='bbox 1224 1803 1353 1844; x_wconf 86' lang='lat' dir='ltr'>quidnam</span> <span class='ocrx_word' id='word_1_251' title='bbox 1378 1807 1455 1843; x_wconf 62' lang='lat' dir='ltr'>poeta</span> <span class='ocrx_word' id='word_1_252' title='bbox 1478 1804 1611 1843; x_wconf 68' lang='lat' dir='ltr'>scripserit</span> <span class='ocrx_word' id='word_1_253' title='bbox 1634 1814 1686 1833; x_wconf 89' lang='lat' dir='ltr'>non</span> <span class='ocrx_word' id='word_1_254' title='bbox 1708 1805 1772 1833; x_wconf 83' lang='lat' dir='ltr'>mihi</span> 
     </span>
    </p>
   </div>
   <div class='ocr_carea' id='block_1_4' title="bbox 102 1860 1771 2447">
    <p class='ocr_par' dir='ltr' id='par_1_8' title="bbox 179 1860 1771 2343">
     <span class='ocr_line' id='line_1_28' title="bbox 183 1860 1771 1912; baseline -0.004 -8"><span class='ocrx_word' id='word_1_255' title='bbox 183 1878 294 1904; x_wconf 82' lang='lat' dir='ltr'>constat.</span> <span class='ocrx_word' id='word_1_256' title='bbox 345 1875 423 1904; x_wconf 83' lang='lat' dir='ltr'>Licet</span> <span class='ocrx_word' id='word_1_257' title='bbox 445 1874 516 1904; x_wconf 87' lang='lat' dir='ltr'>enim</span> <span class='ocrx_word' id='word_1_258' title='bbox 538 1878 642 1903; x_wconf 86' lang='lat' dir='ltr'>certum</span> <span class='ocrx_word' id='word_1_259' title='bbox 667 1874 701 1902; x_wconf 79' lang='lat' dir='ltr'>sit</span> <span class='ocrx_word' id='word_1_260' title='bbox 720 1883 770 1912; x_wconf 88' lang='lat' dir='ltr'>pro</span> <span class='ocrx_word' id='word_1_261' title='bbox 786 1880 902 1906; x_wconf 37' lang='grc' dir='ltr'>ψὰρ</span> <span class='ocrx_word' id='word_1_262' title='bbox 924 1872 1065 1911; x_wconf 84' lang='lat' dir='ltr'>legendum</span> <span class='ocrx_word' id='word_1_263' title='bbox 1091 1882 1143 1901; x_wconf 70' lang='lat' dir='ltr'>esse</span> <span class='ocrx_word' id='word_1_264' title='bbox 1162 1860 1296 1911; x_wconf 47' lang='grc' dir='ltr'>ζμᾲᾉ,</span> <span class='ocrx_word' id='word_1_265' title='bbox 1318 1881 1368 1910; x_wconf 88' lang='lat' dir='ltr'>pro</span> <span class='ocrx_word' id='word_1_266' title='bbox 1387 1870 1497 1902; x_wconf 53' lang='lat' dir='ltr'>,bb-&lt;ozi</span> <span class='ocrx_word' id='word_1_267' title='bbox 1511 1893 1518 1905; x_wconf 89' lang='lat'>,</span> <span class='ocrx_word' id='word_1_268' title='bbox 1545 1870 1654 1903; x_wconf 38' lang='lat' dir='ltr'>Lae-&lt;exj</span> <span class='ocrx_word' id='word_1_269' title='bbox 1677 1875 1701 1899; x_wconf 81' lang='lat' dir='ltr'>et</span> <span class='ocrx_word' id='word_1_270' title='bbox 1722 1882 1771 1908; x_wconf 83' lang='lat' dir='ltr'>pro</span> 
     </span>
     <span class='ocr_line' id='line_1_29' title="bbox 184 1923 1771 1968; baseline -0.003 -11"><span class='ocrx_word' id='word_1_271' title='bbox 184 1935 289 1968; x_wconf 48' lang='lat' dir='ltr'>qu</span> <span class='ocrx_word' id='word_1_272' title='bbox 303 1950 311 1964; x_wconf 95' lang='lat'>‚</span> <span class='ocrx_word' id='word_1_273' title='bbox 333 1936 440 1968; x_wconf 46' lang='lat' dir='ltr'>0⁸⁴5)st</span> <span class='ocrx_word' id='word_1_274' title='bbox 453 1950 461 1964; x_wconf 92' lang='lat'><em>‚</em></span> <span class='ocrx_word' id='word_1_275' title='bbox 483 1931 584 1957; x_wconf 85' lang='lat' dir='ltr'>caetera</span> <span class='ocrx_word' id='word_1_276' title='bbox 604 1930 691 1956; x_wconf 78' lang='lat' dir='ltr'>tamen</span> <span class='ocrx_word' id='word_1_277' title='bbox 707 1926 787 1955; x_wconf 84' lang='lat' dir='ltr'>verba</span> <span class='ocrx_word' id='word_1_278' title='bbox 803 1926 869 1955; x_wconf 85' lang='lat' dir='ltr'>mihi</span> <span class='ocrx_word' id='word_1_279' title='bbox 884 1926 970 1955; x_wconf 86' lang='lat' dir='ltr'>adhuc</span> <span class='ocrx_word' id='word_1_280' title='bbox 981 1925 1160 1955; x_wconf 83' lang='lat' dir='ltr'>difficultatem</span> <span class='ocrx_word' id='word_1_281' title='bbox 1179 1926 1302 1964; x_wconf 78' lang='lat' dir='ltr'>pariunt,</span> <span class='ocrx_word' id='word_1_282' title='bbox 1319 1925 1441 1963; x_wconf 86' lang='lat' dir='ltr'>inprimis</span> <span class='ocrx_word' id='word_1_283' title='bbox 1459 1923 1528 1953; x_wconf 86' lang='lat' dir='ltr'>istud</span> <span class='ocrx_word' id='word_1_284' title='bbox 1551 1925 1578 1955; x_wconf 59' lang='lat'>2„-</span> <span class='ocrx_word' id='word_1_285' title='bbox 1604 1938 1666 1956; x_wconf 49' lang='grc' dir='ltr'>Μ.</span> <span class='ocrx_word' id='word_1_286' title='bbox 1709 1926 1771 1953; x_wconf 85' lang='lat' dir='ltr'>Sine</span> 
     </span>
     <span class='ocr_line' id='line_1_30' title="bbox 179 1977 1770 2020; baseline -0.004 -9"><span class='ocrx_word' id='word_1_287' title='bbox 179 1982 300 2011; x_wconf 86' lang='lat' dir='ltr'>melioris</span> <span class='ocrx_word' id='word_1_288' title='bbox 317 1981 424 2011; x_wconf 89' lang='lat' dir='ltr'>Codicis</span> <span class='ocrx_word' id='word_1_289' title='bbox 446 1992 512 2020; x_wconf 87' lang='lat' dir='ltr'>ope,</span> <span class='ocrx_word' id='word_1_290' title='bbox 539 1992 586 2020; x_wconf 83' lang='lat' dir='ltr'>ego</span> <span class='ocrx_word' id='word_1_291' title='bbox 609 1985 680 2010; x_wconf 86' lang='lat' dir='ltr'>certe</span> <span class='ocrx_word' id='word_1_292' title='bbox 699 1981 732 2009; x_wconf 90' lang='lat' dir='ltr'>de</span> <span class='ocrx_word' id='word_1_293' title='bbox 751 1981 840 2009; x_wconf 83' lang='lat' dir='ltr'>verbis</span> <span class='ocrx_word' id='word_1_294' title='bbox 858 1983 949 2018; x_wconf 66' lang='lat' dir='ltr'>poetae</span> <span class='ocrx_word' id='word_1_295' title='bbox 971 1979 1141 2009; x_wconf 81' lang='lat' dir='ltr'>restituendis</span> <span class='ocrx_word' id='word_1_296' title='bbox 1159 1979 1279 2018; x_wconf 86' lang='lat' dir='ltr'>despero.</span> <span class='ocrx_word' id='word_1_297' title='bbox 1320 1978 1371 2007; x_wconf 86' lang='lat' dir='ltr'>Sed</span> <span class='ocrx_word' id='word_1_298' title='bbox 1391 1978 1455 2016; x_wconf 84' lang='lat' dir='ltr'>quid</span> <span class='ocrx_word' id='word_1_299' title='bbox 1476 1977 1589 2006; x_wconf 80' lang='lat' dir='ltr'>voluerit</span> <span class='ocrx_word' id='word_1_300' title='bbox 1611 1978 1687 2017; x_wconf 83' lang='lat' dir='ltr'>longe</span> <span class='ocrx_word' id='word_1_301' title='bbox 1705 1978 1770 2006; x_wconf 68' lang='lat' dir='ltr'>fari—</span> 
     </span>
     <span class='ocr_line' id='line_1_31' title="bbox 180 2031 1771 2073; baseline -0.003 -10"><span class='ocrx_word' id='word_1_302' title='bbox 180 2036 234 2064; x_wconf 88' lang='lat' dir='ltr'>lius</span> <span class='ocrx_word' id='word_1_303' title='bbox 251 2039 289 2065; x_wconf 81' lang='lat' dir='ltr'>est</span> <span class='ocrx_word' id='word_1_304' title='bbox 305 2035 398 2069; x_wconf 84' lang='lat' dir='ltr'>dictu;</span> <span class='ocrx_word' id='word_1_305' title='bbox 419 2036 517 2064; x_wconf 85' lang='lat' dir='ltr'>collatis</span> <span class='ocrx_word' id='word_1_306' title='bbox 539 2045 635 2073; x_wconf 86' lang='lat' dir='ltr'><strong>nempe</strong></span> <span class='ocrx_word' id='word_1_307' title='bbox 654 2034 704 2063; x_wconf 87' lang='lat' dir='ltr'>alio</span> <span class='ocrx_word' id='word_1_308' title='bbox 721 2035 839 2063; x_wconf 85' lang='lat' dir='ltr'>carmine</span> <span class='ocrx_word' id='word_1_309' title='bbox 860 2037 951 2072; x_wconf 84' lang='lat' dir='ltr'>(supra</span> <span class='ocrx_word' id='word_1_310' title='bbox 975 2043 1000 2071; x_wconf 89' lang='lat' dir='ltr'>p.</span> <span class='ocrx_word' id='word_1_311' title='bbox 1020 2033 1088 2069; x_wconf 81' lang='lat'>40),</span> <span class='ocrx_word' id='word_1_312' title='bbox 1114 2033 1179 2062; x_wconf 87' lang='lat' dir='ltr'>meis</span> <span class='ocrx_word' id='word_1_313' title='bbox 1203 2032 1235 2060; x_wconf 92' lang='lat' dir='ltr'>ad</span> <span class='ocrx_word' id='word_1_314' title='bbox 1258 2032 1330 2060; x_wconf 87' lang='lat' dir='ltr'>hunc</span> <span class='ocrx_word' id='word_1_315' title='bbox 1350 2032 1439 2060; x_wconf 88' lang='lat' dir='ltr'>locum</span> <span class='ocrx_word' id='word_1_316' title='bbox 1461 2031 1690 2063; x_wconf 66' lang='lat' dir='ltr'>annotationibus,</span> <span class='ocrx_word' id='word_1_317' title='bbox 1710 2041 1771 2059; x_wconf 78' lang='lat' dir='ltr'>car-</span> 
     </span>
     <span class='ocr_line' id='line_1_32' title="bbox 179 2084 1770 2129; baseline -0.003 -11"><span class='ocrx_word' id='word_1_318' title='bbox 179 2090 253 2118; x_wconf 86' lang='lat' dir='ltr'>mine</span> <span class='ocrx_word' id='word_1_319' title='bbox 277 2089 306 2118; x_wconf 89' lang='lat' dir='ltr'>in</span> <span class='ocrx_word' id='word_1_320' title='bbox 335 2089 483 2129; x_wconf 82' lang='lat' dir='ltr'>Hoogvlieti</span> <span class='ocrx_word' id='word_1_321' title='bbox 507 2090 584 2127; x_wconf 76' lang='lat' dir='ltr'>Spec.</span> <span class='ocrx_word' id='word_1_322' title='bbox 608 2088 679 2127; x_wconf 88' lang='lat' dir='ltr'>quod</span> <span class='ocrx_word' id='word_1_323' title='bbox 700 2088 737 2116; x_wconf 87' lang='lat' dir='ltr'>ibi</span> <span class='ocrx_word' id='word_1_324' title='bbox 758 2087 835 2116; x_wconf 84' lang='lat' dir='ltr'>citavi</span> <span class='ocrx_word' id='word_1_325' title='bbox 858 2089 883 2116; x_wconf 89' lang='lat' dir='ltr'>et</span> <span class='ocrx_word' id='word_1_326' title='bbox 909 2087 959 2115; x_wconf 84' lang='lat' dir='ltr'>alio</span> <span class='ocrx_word' id='word_1_327' title='bbox 981 2087 1100 2115; x_wconf 84' lang='lat' dir='ltr'>carmine</span> <span class='ocrx_word' id='word_1_328' title='bbox 1121 2096 1188 2125; x_wconf 84' lang='lat' dir='ltr'>quae</span> <span class='ocrx_word' id='word_1_329' title='bbox 1207 2095 1287 2123; x_wconf 85' lang='lat' dir='ltr'>supra</span> <span class='ocrx_word' id='word_1_330' title='bbox 1308 2095 1336 2123; x_wconf 89' lang='lat' dir='ltr'>p.</span> <span class='ocrx_word' id='word_1_331' title='bbox 1349 2084 1406 2113; x_wconf 82' lang='lat'>393</span> <span class='ocrx_word' id='word_1_332' title='bbox 1431 2094 1469 2113; x_wconf 73' lang='lat' dir='ltr'>rs.</span> <span class='ocrx_word' id='word_1_333' title='bbox 1486 2084 1503 2112; x_wconf 83' lang='lat'>6</span> <span class='ocrx_word' id='word_1_334' title='bbox 1521 2084 1565 2112; x_wconf 76' lang='lat' dir='ltr'>as.</span> <span class='ocrx_word' id='word_1_335' title='bbox 1588 2084 1673 2119; x_wconf 90' lang='lat' dir='ltr'>edidi,</span> <span class='ocrx_word' id='word_1_336' title='bbox 1694 2086 1770 2113; x_wconf 74' lang='lat' dir='ltr'>facile</span> 
     </span>
     <span class='ocr_line' id='line_1_33' title="bbox 183 2137 1770 2181; baseline -0.004 -9"><span class='ocrx_word' id='word_1_337' title='bbox 183 2153 290 2172; x_wconf 86' lang='lat' dir='ltr'>mecum</span> <span class='ocrx_word' id='word_1_338' title='bbox 308 2143 387 2172; x_wconf 83' lang='lat' dir='ltr'>saciet</span> <span class='ocrx_word' id='word_1_339' title='bbox 405 2143 489 2172; x_wconf 87' lang='lat' dir='ltr'>lector</span> <span class='ocrx_word' id='word_1_340' title='bbox 507 2143 529 2172; x_wconf 86' lang='lat' dir='ltr'>si</span> <span class='ocrx_word' id='word_1_341' title='bbox 545 2146 632 2171; x_wconf 79' lang='lat' dir='ltr'>statuo</span> <span class='ocrx_word' id='word_1_342' title='bbox 648 2145 751 2181; x_wconf 70' lang='lat' dir='ltr'>poetam</span> <span class='ocrx_word' id='word_1_343' title='bbox 766 2142 860 2170; x_wconf 77' lang='lat' dir='ltr'>vinum</span> <span class='ocrx_word' id='word_1_344' title='bbox 878 2141 977 2170; x_wconf 82' lang='lat' dir='ltr'>ssavum</span> <span class='ocrx_word' id='word_1_345' title='bbox 1001 2140 1150 2170; x_wconf 88' lang='lat' dir='ltr'>describere</span> <span class='ocrx_word' id='word_1_346' title='bbox 1167 2139 1249 2179; x_wconf 88' lang='lat' dir='ltr'>(quod</span> <span class='ocrx_word' id='word_1_347' title='bbox 1266 2149 1362 2167; x_wconf 84' lang='lat' dir='ltr'>aurum</span> <span class='ocrx_word' id='word_1_348' title='bbox 1379 2140 1464 2175; x_wconf 69' lang='lat' dir='ltr'>vocat)</span> <span class='ocrx_word' id='word_1_349' title='bbox 1484 2142 1509 2167; x_wconf 86' lang='lat' dir='ltr'>et</span> <span class='ocrx_word' id='word_1_350' title='bbox 1527 2137 1682 2175; x_wconf 85' lang='lat' dir='ltr'>amphoram</span> <span class='ocrx_word' id='word_1_351' title='bbox 1707 2148 1770 2175; x_wconf 76' lang='lat' dir='ltr'>cry—</span> 
     </span>
     <span class='ocr_line' id='line_1_34' title="bbox 179 2191 1769 2235; baseline -0.003 -11"><span class='ocrx_word' id='word_1_352' title='bbox 179 2196 310 2225; x_wconf 84' lang='lat' dir='ltr'>stallinam</span> <span class='ocrx_word' id='word_1_353' title='bbox 323 2217 331 2231; x_wconf 91' lang='lat'>‚</span> <span class='ocrx_word' id='word_1_354' title='bbox 350 2206 418 2235; x_wconf 88' lang='lat' dir='ltr'>quae</span> <span class='ocrx_word' id='word_1_355' title='bbox 439 2196 504 2225; x_wconf 84' lang='lat' dir='ltr'>illud</span> <span class='ocrx_word' id='word_1_356' title='bbox 525 2196 676 2225; x_wconf 77' lang='lat' dir='ltr'>continebat</span> <span class='ocrx_word' id='word_1_357' title='bbox 697 2199 723 2224; x_wconf 82' lang='lat' dir='ltr'>et</span> <span class='ocrx_word' id='word_1_358' title='bbox 746 2205 827 2234; x_wconf 84' lang='lat' dir='ltr'>quam</span> <span class='ocrx_word' id='word_1_359' title='bbox 846 2200 987 2233; x_wconf 76' lang='lat' dir='ltr'>argentum</span> <span class='ocrx_word' id='word_1_360' title='bbox 1011 2197 1096 2223; x_wconf 84' lang='lat' dir='ltr'>vocat.</span> <span class='ocrx_word' id='word_1_361' title='bbox 1137 2194 1291 2232; x_wconf 75' lang='lat' dir='ltr'>Argentum</span> <span class='ocrx_word' id='word_1_362' title='bbox 1321 2192 1350 2228; x_wconf 85' lang='lat' dir='ltr'>(i.</span> <span class='ocrx_word' id='word_1_363' title='bbox 1369 2201 1392 2221; x_wconf 87' lang='lat' dir='ltr'>e.</span> <span class='ocrx_word' id='word_1_364' title='bbox 1413 2191 1551 2230; x_wconf 82' lang='lat' dir='ltr'>amphora)</span> <span class='ocrx_word' id='word_1_365' title='bbox 1574 2191 1673 2230; x_wconf 83' lang='lat' dir='ltr'>liquida</span> <span class='ocrx_word' id='word_1_366' title='bbox 1695 2192 1769 2220; x_wconf 84' lang='lat' dir='ltr'>vide-</span> 
     </span>
     <span class='ocr_line' id='line_1_35' title="bbox 180 2245 1767 2288; baseline -0.004 -9"><span class='ocrx_word' id='word_1_367' title='bbox 180 2250 260 2278; x_wconf 83' lang='lat' dir='ltr'>batur</span> <span class='ocrx_word' id='word_1_368' title='bbox 289 2250 352 2288; x_wconf 88' lang='lat' dir='ltr'>quia</span> <span class='ocrx_word' id='word_1_369' title='bbox 375 2257 472 2279; x_wconf 76' lang='lat' dir='ltr'>aurum</span> <span class='ocrx_word' id='word_1_370' title='bbox 498 2251 527 2287; x_wconf 90' lang='lat' dir='ltr'>(i.</span> <span class='ocrx_word' id='word_1_371' title='bbox 549 2260 572 2280; x_wconf 89' lang='lat' dir='ltr'>e.</span> <span class='ocrx_word' id='word_1_372' title='bbox 593 2250 698 2285; x_wconf 79' lang='lat' dir='ltr'>vinum)</span> <span class='ocrx_word' id='word_1_373' title='bbox 719 2249 851 2288; x_wconf 87' lang='lat' dir='ltr'>liquidum</span> <span class='ocrx_word' id='word_1_374' title='bbox 870 2252 945 2282; x_wconf 83' lang='lat' dir='ltr'>erat;</span> <span class='ocrx_word' id='word_1_375' title='bbox 977 2251 1122 2286; x_wconf 86' lang='lat' dir='ltr'>utrumque</span> <span class='ocrx_word' id='word_1_376' title='bbox 1141 2245 1278 2276; x_wconf 82' lang='lat' dir='ltr'>metallum</span> <span class='ocrx_word' id='word_1_377' title='bbox 1297 2246 1367 2275; x_wconf 76' lang='lat' dir='ltr'>inter</span> <span class='ocrx_word' id='word_1_378' title='bbox 1391 2255 1418 2274; x_wconf 87' lang='lat' dir='ltr'>se</span> <span class='ocrx_word' id='word_1_379' title='bbox 1440 2246 1572 2280; x_wconf 78' lang='lat' dir='ltr'>mixtum,</span> <span class='ocrx_word' id='word_1_380' title='bbox 1594 2249 1619 2274; x_wconf 84' lang='lat' dir='ltr'>et</span> <span class='ocrx_word' id='word_1_381' title='bbox 1640 2246 1767 2283; x_wconf 60' lang='lat' dir='ltr'>amphora</span> 
     </span>
     <span class='ocr_line' id='line_1_36' title="bbox 181 2301 1170 2343; baseline -0.001 -13"><span class='ocrx_word' id='word_1_382' title='bbox 181 2302 318 2340; x_wconf 77' lang='lat' dir='ltr'>congelata</span> <span class='ocrx_word' id='word_1_383' title='bbox 336 2312 433 2342; x_wconf 86' lang='lat' dir='ltr'>corpus</span> <span class='ocrx_word' id='word_1_384' title='bbox 447 2303 518 2343; x_wconf 80' lang='lat' dir='ltr'>quod</span> <span class='ocrx_word' id='word_1_385' title='bbox 532 2314 585 2331; x_wconf 80' lang='lat' dir='ltr'>non</span> <span class='ocrx_word' id='word_1_386' title='bbox 598 2303 761 2341; x_wconf 78' lang='lat' dir='ltr'>congelatum</span> <span class='ocrx_word' id='word_1_387' title='bbox 783 2306 853 2337; x_wconf 79' lang='lat' dir='ltr'>erat,</span> <span class='ocrx_word' id='word_1_388' title='bbox 870 2302 1008 2330; x_wconf 84' lang='lat' dir='ltr'>continere</span> <span class='ocrx_word' id='word_1_389' title='bbox 1023 2301 1170 2330; x_wconf 82' lang='lat' dir='ltr'>videbatur.</span> 
     </span>
    </p>

    <p class='ocr_par' dir='ltr' id='par_1_9' title="bbox 102 2352 1766 2447">
     <span class='ocr_line' id='line_1_37' title="bbox 102 2352 1766 2395; baseline -0.001 -10"><span class='ocrx_word' id='word_1_390' title='bbox 102 2355 150 2393; x_wconf 84' lang='grc'>66)</span> <span class='ocrx_word' id='word_1_391' title='bbox 177 2356 219 2385; x_wconf 83' lang='lat' dir='ltr'>Ex</span> <span class='ocrx_word' id='word_1_392' title='bbox 235 2355 285 2384; x_wconf 90' lang='lat' dir='ltr'>hoc</span> <span class='ocrx_word' id='word_1_393' title='bbox 301 2355 359 2385; x_wconf 88' lang='lat' dir='ltr'>loco</span> <span class='ocrx_word' id='word_1_394' title='bbox 377 2356 493 2386; x_wconf 84' lang='lat' dir='ltr'>efficeres</span> <span class='ocrx_word' id='word_1_395' title='bbox 511 2357 598 2395; x_wconf 90' lang='lat' dir='ltr'>ipsum</span> <span class='ocrx_word' id='word_1_396' title='bbox 614 2356 846 2385; x_wconf 61' lang='lat' dir='ltr'>’al-Mozt&#39;amidum</span> <span class='ocrx_word' id='word_1_397' title='bbox 865 2355 938 2384; x_wconf 91' lang='lat' dir='ltr'>hunc</span> <span class='ocrx_word' id='word_1_398' title='bbox 959 2354 1146 2394; x_wconf 88' lang='lat' dir='ltr'>pedissequum</span> <span class='ocrx_word' id='word_1_399' title='bbox 1162 2353 1190 2383; x_wconf 90' lang='lat' dir='ltr'>in</span> <span class='ocrx_word' id='word_1_400' title='bbox 1209 2352 1278 2383; x_wconf 87' lang='lat' dir='ltr'>bello</span> <span class='ocrx_word' id='word_1_401' title='bbox 1296 2355 1430 2393; x_wconf 81' lang='lat' dir='ltr'>captivum</span> <span class='ocrx_word' id='word_1_402' title='bbox 1447 2354 1555 2388; x_wconf 79' lang='lat' dir='ltr'>fecisse;</span> <span class='ocrx_word' id='word_1_403' title='bbox 1575 2354 1766 2384; x_wconf 54' lang='lat' dir='ltr'>·al·Marr}³lusi</span> 
     </span>
     <span class='ocr_line' id='line_1_38' title="bbox 182 2406 1452 2447; baseline 0.001 -10"><span class='ocrx_word' id='word_1_404' title='bbox 182 2412 271 2438; x_wconf 86' lang='lat' dir='ltr'>tamen</span> <span class='ocrx_word' id='word_1_405' title='bbox 286 2411 380 2438; x_wconf 77' lang='lat' dir='ltr'>narrat</span> <span class='ocrx_word' id='word_1_406' title='bbox 399 2418 461 2438; x_wconf 90' lang='lat' dir='ltr'>eum</span> <span class='ocrx_word' id='word_1_407' title='bbox 476 2411 614 2447; x_wconf 76' lang='lat' dir='ltr'>tamquam</span> <span class='ocrx_word' id='word_1_408' title='bbox 634 2408 735 2438; x_wconf 89' lang='lat' dir='ltr'>donum</span> <span class='ocrx_word' id='word_1_409' title='bbox 753 2408 786 2438; x_wconf 86' lang='lat' dir='ltr'>ad</span> <span class='ocrx_word' id='word_1_410' title='bbox 803 2408 1035 2438; x_wconf 63' lang='lat' dir='ltr'>&#39;al-Mafamidum</span> <span class='ocrx_word' id='word_1_411' title='bbox 1056 2407 1157 2438; x_wconf 86' lang='lat' dir='ltr'>misisse</span> <span class='ocrx_word' id='word_1_412' title='bbox 1173 2416 1263 2447; x_wconf 76' lang='lat' dir='ltr'>regem</span> <span class='ocrx_word' id='word_1_413' title='bbox 1285 2406 1452 2438; x_wconf 82' lang='lat' dir='ltr'>Toletanum.</span> 
     </span>
    </p>
   </div>
  </div>
 </body>
</html>
