2053 2969
923 256 1228 293 —158—

254 352 368 383 interni
390 350 485 382 animi
509 349 646 382 dolorem
665 376 671 387 ‚
695 357 723 382 et
745 351 887 395 aperiens
912 353 949 383 iis
970 359 1011 382 50¹
1034 362 1086 382 sua
1109 358 1227 383 secreta
1249 357 1279 382 et
1298 360 1420 381 arcana.
1479 346 1540 381 Sed
1563 345 1686 378 tandem
1716 357 1773 389 pro
1806 347 1841 377 iis
1870 346 1917 376 in-

255 418 422 441 tercessum
445 415 489 440 est
509 416 539 440 et
569 409 661 440 liberi
687 420 721 440 ex
742 410 802 440 suis
827 410 959 441 vinculis
983 417 1053 441 sunt
1075 409 1216 446 dimissi,
1241 408 1390 450 fissaeque
1411 413 1481 437 sunt
1501 411 1547 436 502
1568 405 1690 436 clausae
1711 414 1807 434 serae.
1858 403 1919 434 Re-

251 470 365 499 niansit
393 475 465 499 tunc
485 466 741 498 ·al·Mo='t·amidus
770 468 801 498 in
834 478 889 498 suo
915 468 1060 509 maglz'so
1081 475 1147 505 503,
1179 472 1308 509 questus
1334 465 1372 496 de
1398 462 1558 506 compedis
1581 462 1722 504 angustia
1753 468 1784 492 et
1817 461 1919 492 effun-

251 526 326 557 dens
350 525 545 567 lachrymas,
578 525 706 568 pluviae
732 525 857 557 similes.
913 526 1001 557 Tunc
1031 525 1189 556 intrarunt
1210 524 1293 567 apud
1323 534 1394 554 eum
1412 547 1420 560 ,
1447 523 1476 553 ei
1495 520 1705 556 maledicturi,
1735 525 1766 551 et
1790 526 1918 562 propter

252 584 316 615 eius
340 584 499 615 tristitiam
523 583 583 626 ipsi
611 582 719 615 dolore
738 583 853 614 affecti.
904 583 989 614 Dixit
1010 594 1100 614 vero:

135 656 161 683 p.
186 645 229 674 68.
300 641 434 672 Nullane
460 647 504 672 est
526 641 614 684 quies
640 640 820 683 lachrymae
843 641 872 672 in
895 643 971 683 gena
993 640 1130 673 effusae?
1169 639 1316 672 Profecto
1342 644 1464 682 tempus
1485 636 1569 669 adest
1597 642 1631 668 ut
1658 635 1710 667 illa
1738 642 1918 671 erancsvai,

342 699 416 730 dum
438 710 494 742 per
516 710 582 730 eam
603 710 680 740 gena
705 700 880 730 evanescit!

298 758 408 788 P1eces
430 756 573 793 fundite,
604 768 620 787 o
641 756 758 799 popule
780 757 869 787 Fasc‘!
895 767 952 799 pro
978 755 1203 787 tentaminibus
1223 761 1352 791 vexato,
1375 762 1533 796 tamquam
1557 753 1635 795 grati
1662 752 1756 782 animi
1784 752 1923 782 {vs-tima-

345 815 430 846 nium
453 825 510 858 pro
534 815 637 845 aversa
654 814 708 845 illa
727 814 904 845 calamitate
923 826 937 845 a
959 815 1019 857 qua
1042 825 1094 845 vos
1116 813 1288 845 incolumes
1311 814 1443 844 servavit
1467 811 1618 843 Dominus
1639 810 1765 841 unicw!

300 873 362 902 Vos
385 873 509 903 liberati
529 873 601 903 estis
626 884 642 903 e
662 882 786 902 carcere
808 875 957 914 Agmatc‘,
984 878 1014 903 et
1034 873 1065 903 in
1084 883 1154 903 meo
1176 882 1308 915 corpore
1331 872 1407 902 flexa
1434 876 1505 901 sunt
1531 868 1654 899 vincula
1670 893 1676 904 ,
1705 878 1837 910 quorum
1859 867 1922 895 ai·-

344 929 563 961 solvendorum
585 935 708 972 tempus
732 940 890 972 nunquam
914 929 1034 961 aderit!
1564 962 1567 965 Δ

301 988 390 1029 Quod
414 988 451 1019 ad
478 999 586 1019 eorum
611 987 748 1018 indolem
769 988 900 1024 attinet,
924 994 994 1018 sunt
1013 992 1172 1030 serpentes
1196 998 1230 1018 ex
1254 997 1366 1029 genere
1389 985 1581 1028 serpentium
1604 984 1786 1027 nigrorum,
1815 982 1868 1024 qui
1894 992 1924 1011 se

347 1048 531 1081 incurvant,
551 1053 582 1077 et
603 1045 686 1088 quod
711 1044 747 1075 ad
774 1045 871 1075 robur
889 1052 919 1076 et
938 1045 1018 1082 vim,
1039 1051 1109 1075 sunt
1132 1044 1248 1076 leones.

301 1104 389 1135 Laeti
413 1110 511 1135 estote
539 1103 702 1135 commoda
725 1102 810 1139 vita,
840 1109 870 1133 et
903 1110 1054 1146 perpetua
1085 1103 1123 1133 sit
1149 1102 1322 1145 unicuique
1345 1108 1479 1132 vestrum
1504 1101 1650 1135 fortuna,
1680 1098 1755 1128 licet
1782 1107 1849 1128 mea
1876 1107 1925 1126 me

349 1162 521 1204 deceperit.

301 1219 427 1250 Eiiistis
448 1219 483 1250 ad
510 1229 605 1249 unum
635 1229 764 1256 omnes,
794 1224 824 1250 et
847 1229 903 1260 ego
923 1217 1005 1249 solus
1026 1216 1208 1259 relinquor:
1241 1215 1307 1247 Deo
1331 1222 1435 1246 autem
1457 1226 1514 1258 pro
1538 1215 1605 1245 mea
1630 1220 1660 1244 et
1690 1213 1790 1244 vestra
1811 1212 1926 1244 condi-

345 1277 431 1308 tione
451 1278 490 1307 sit
514 1277 578 1307 laus
600 1283 630 1307 et
649 1276 769 1318 gloria!

299 1334 464 1364 Praeteriit
484 1335 548 1364 eius
569 1343 727 1364 carcerem
748 1343 857 1375 agmen
878 1333 980 1363 avium
1002 1342 1081 1374 quae
1103 1335 1186 1373 qam
1206 1330 1355 1361 dicuntur
1370 1353 1377 1366 ,
1401 1339 1533 1371 quarum
1556 1329 1621 1360 alae
1642 1340 1703 1360 non
1725 1328 1769 1370 (in
1791 1328 1925 1369 laqueis)

255 1402 419 1434 suspensae
443 1397 640 1429 manserant,
666 1397 697 1422 et
720 1390 835 1433 quibus
854 1390 940 1421 nulla
962 1390 1055 1433 culpa
1082 1387 1334 1420 vicissitudinum
1360 1388 1510 1430 temporis
1529 1387 1744 1425 adhaerebat;
1766 1397 1841 1428 quas
1863 1397 1924 1416 non

255 1455 430 1480 averterant
458 1460 474 1479 a
504 1448 600 1492 pullis
623 1449 686 1480 suis
711 1448 837 1491 laquei,
865 1453 896 1479 et
922 1458 998 1490 quas
1028 1458 1089 1478 non
1113 1447 1275 1478 destiterat
1300 1445 1413 1486 amyris
1436 1445 1622 1487 gileadensis
1640 1452 1686 1475 504
1706 1455 1810 1486 neque
1833 1444 1926 1474 arbor

258 1508 308 1539 cui
330 1518 442 1538 nomen
464 1512 555 1538 arc—(c
573 1513 630 1539 505.
679 1507 776 1538 Erant
797 1506 881 1537 enim
909 1505 1008 1536 laetae
1028 1505 1058 1536 in
1082 1509 1174 1542 aere,
1196 1510 1226 1535 et
1254 1503 1371 1534 liberae
1393 1503 1541 1535 volabant
1563 1504 1593 1534 in
1618 1503 1695 1534 locis
1716 1502 1823 1546 pluvia
1847 1501 1926 1532 irri—

258 1567 346 1605 gatis.
404 1564 523 1605 Quibus
546 1564 637 1601 visis,
663 1575 755 1607 aegre
782 1563 904 1595 ferebat
936 1563 1097 1594 vinculum
1120 1574 1182 1606 quo
1205 1561 1406 1593 detinebatur
1422 1587 1429 1599 ,
1454 1562 1588 1593 carceris
1620 1559 1763 1593 custodes
1793 1566 1824 1591 et
1846 1571 1927 1590 seras

258 1633 338 1663 quae
368 1632 439 1652 eum
472 1620 687 1664 impediebant
721 1622 889 1664 quominus
921 1620 958 1652 ad
993 1627 1109 1652 amatos
1136 1631 1205 1651 suos
1235 1619 1398 1651 accederet
1417 1619 1484 1656 506,
1517 1618 1701 1662 compedem
1732 1618 1787 1661 qui
1817 1623 1926 1649 contra

258 1691 328 1710 eum
356 1678 550 1716 obdurabat,
579 1685 609 1710 et
633 1678 809 1710 molestiam
832 1678 917 1709 illam
940 1689 1051 1721 quam,
1078 1689 1112 1709 ex
1134 1677 1263 1709 tristitia
1285 1684 1313 1708 et
1338 1676 1552 1708 membrorum
1575 1677 1778 1720 corruptione
1801 1682 1899 1706 ortam
1918 1699 1924 1711 .

258 1737 398 1779 perferre
429 1735 573 1767 debebat.
634 1734 798 1779 Cogitabat
831 1747 959 1779 quoque
993 1736 1031 1767 de
1058 1736 1182 1767 filiabus
1212 1735 1274 1767 suis
1298 1740 1329 1766 et
1366 1735 1404 1766 de
1435 1742 1621 1778 paupertate
1653 1735 1690 1766 acl
1721 1745 1815 1777 quam
1839 1740 1927 1764 erant

258 1879 327 1913 501)
349 1880 445 1907 Lei-ico
465 1878 632 1914 addendum,
655 1879 768 1908 verbum
790 1880 838 1933 CL?
861 1890 915 1909 non
937 1883 1041 1909 tantum
1061 1890 1124 1909 cum
1143 1879 1197 1928 ΕΞ)
1220 1879 1265 1908 sed
1288 1881 1366 1909 etiam
1386 1890 1447 1909 cuin
1469 1880 1487 1917 „l
1509 1889 1577 1917 pers.
1595 1878 1722 1908 construi.

259 1932 328 1969 502)
348 1932 378 1959 Id
399 1935 450 1960 cst:
473 1938 580 1970 opertae
596 1937 667 1962 sunt.
709 1934 750 1962 De
771 1933 820 1962 hac
835 1934 920 1972 signif.
939 1934 983 1961 7ae
1003 1933 1104 1962 somnae
1118 1934 1192 1962 verbi
1214 1939 1267 1981 ..ss
1288 1934 1321 1963 cs.
1337 1944 1418 1972 supra
1437 1944 1463 1972 p.
1479 1934 1513 1962 15
1533 1945 1570 1973 sq.
1591 1944 1654 1962 anu.
1668 1933 1731 1970 (64)
1744 1935 1768 1961 el
1785 1933 1817 1962 cf.
1839 1933 1927 1961 locum

348 1996 377 2014 ex
397 1986 572 2024 ·a!-Q‹1layid
591 1987 648 2015 MS.
666 1987 697 2015 A.
716 1986 737 2016 I.
755 1997 779 2025 p.
792 1987 830 2016 95
847 1997 927 2025 supra
949 1987 977 2016 in
998 1997 1026 2025 p.
1040 1987 1094 2016 153
1116 1997 1178 2015 ann.
1190 1967 1270 2024 μᾶς-77)
1291 1988 1412 2016 citatum.

262 2038 330 2075 503)
350 2039 463 2067 Facilior
480 2042 517 2067 est
534 2039 611 2067 lectio
628 2039 693 2068 Cod.
707 2040 758 2075 G.,
781 2049 908 2080 mus
928 2053 976 2088 ὁ»
997 2041 1027 2068 in
1042 2051 1091 2068 suo
1107 2050 1215 2069 carcere
1237 2041 1377 2070 offerentis
1419 2040 1471 2069 Sed
1490 2041 1616 2078 Μξυ
1636 2052 1684 2087 ὑὲ
1705 2039 1866 2077 peculiarem
1885 2040 1927 2067 hic

348 2093 426 2120 habet
446 2093 514 2125 viru3
538 2092 656 2130 designat
679 2093 750 2121 enirn
778 2094 898 2137 &pisus
919 2093 960 2122 vel
981 2093 1075 2136 UmDi)
1098 2094 1236 2136 adsta:
1263 2094 1385 2122 conclave
1415 2094 1442 2121 in
1463 2103 1517 2131 quo
1535 2102 1583 2120 rex
1612 2101 1675 2120 cum
1704 2093 1758 2120 suis
1780 2092 1927 2127 sodalibus,

351 2146 414 2173 viris
442 2145 607 2183 elegantioris
628 2146 783 2180 doetrinae,
817 2147 880 2175 tales
901 2147 1053 2175 instituebat
1077 2147 1229 2181 consessus,
1257 2147 1347 2185 quales
1367 2156 1448 2184 supra
1474 2147 1502 2174 in
1522 2155 1548 2183 p.
1566 2145 1605 2173 78
1635 2154 1696 2173 anu.
1714 2144 1774 2181 (29)
1795 2145 1929 2183 descripsi.

354 2198 458 2227 Ironice
476 2199 564 2236 itaque
584 2198 627 2227 hic
644 2200 744 2238 maglz's
761 2200 860 2228 dicitur
879 2209 983 2234 carcer3
1009 2197 1113 2226 nullum
1130 2199 1202 2226 enim
1223 2198 1305 2227 alium
1323 2198 1473 2238 muglisum
1492 2207 1564 2226 nunc
1581 2197 1694 2226 habebat
1713 2197 1802 2226 infelix
1825 2207 1878 2227 rex.

266 2250 334 2286 504)
353 2250 393 2279 Cs.
417 2252 492 2280 Doct.
512 2252 538 2280 J.
558 2261 610 2280 von
630 2252 797 2281 Sontheimer
811 2252 875 2280 Ebn
894 2252 1034 2286 ΒαίίΙιαν,
1053 2261 1102 2279 aus
1119 2251 1175 2278 dem
1195 2251 1369 2279 Arabiscken
1386 2251 1517 2279 abersetzt
1536 2251 1560 2280 1.
1582 2261 1606 2289 p.
1628 2250 1695 2279 140.

268 2305 336 2340 505)
356 2303 404 2332 Cff.
423 2303 454 2332 de
471 2304 519 2333 hac
539 2305 634 2333 arbore
656 2306 798 2343 scriptores
818 2306 851 2334 ab
868 2305 967 2334 Illustr.
989 2304 1164 2342 Quatremere
1184 2304 1281 2333 laudati
1300 2304 1329 2333 in
1352 2305 1467 2334 ,ll'otices
1488 2309 1512 2332 et
1528 2304 1661 2335 Extraits
1680 2303 1742 2334 XII.
1764 2314 1789 2342 p.
1810 2303 1882 2339 348,
1905 2308 1930 2333 et

355 2357 418 2385 Ean
433 2355 554 2385 Baithar
571 2357 594 2386 Ι.
615 2367 641 2395 p.
659 2357 706 2386 27.

267 2410 334 2448 506)
353 2410 401 2439 eff.
421 2420 488 2449 quae
508 2410 539 2440 de
556 2411 582 2440 vi
598 2411 705 2440 voculae
720 2420 786 2459 090
807 2421 887 2450 supra
903 2412 1024 2442 annotavi
1042 2421 1070 2450 p.
1084 2411 1123 2439 27
1146 2421 1210 2441 ann.
1227 2410 1300 2449 (80).
