2053 2969
891 158 1199 197 —3'74—

213 255 247 286 ln
273 252 460 286 'Abbffdiclas
483 254 576 286 etiarn
596 253 727 298 elegiam
748 252 927 297 composuit
949 253 1039 286 cuius
1061 254 1188 286 initium
1211 261 1274 286 est:

259 313 383 344 Detlent
408 313 486 344 coeli
512 320 555 341 244
580 320 660 345 caet.

258 371 356 402 Multa
381 377 452 401 sunt
472 369 606 413 pulchra
627 374 771 413 poemata
788 380 867 413 quae
890 370 1067 414 composuit
1086 370 1240 403 mol-Dani
1261 376 1292 403 et
1310 371 1342 403 in
1362 369 1524 403 volumine
1547 370 1641 402 tertio
1661 375 1758 402 exstat
1775 381 1865 414 magn
1878 382 1894 402 a

212 429 278 460 eius
299 433 428 471 poeseos
445 440 515 471 pars
529 435 585 461 245.
612 428 748 460 Pulchra
767 430 860 460 etiam
876 427 1120 460 ‹al-lt10=·famidz‘
1140 433 1284 472 poemata
1306 429 1399 461 nimis
1419 440 1532 472 magno
1554 435 1625 461 sunt
1647 439 1777 461 numero
1791 440 1883 472 quam

214 492 245 516 ut
269 486 321 518 hic
341 486 443 518 omnia
467 488 643 518 enumerari
661 488 799 530 possint;
826 498 861 519 ea
876 493 980 518 autem
997 485 1062 518 fere
1083 488 1187 519 omnia
1204 487 1356 531 descripsi
1378 488 1410 520 in
1432 487 1534 526 libro,
1560 488 1612 519 cui
1633 487 1768 520 titulus:
1795 488 1884 520 Ful-

213 556 325 583 crum,
351 555 458 588 agens
482 545 523 577 de
547 555 583 577 eo
607 546 699 589 qzcod
720 547 860 590 elegans
882 549 934 576 est
957 556 998 576 ex
1019 547 1123 588 poesi
1145 545 1405 578 ·al·Mo=t·amz·di
1428 546 1644 579 ibn-Abbati.

346 687 525 721 Nannarro
550 696 667 720 nonum
691 697 777 726 QUAE
803 687 986 721 Connonae
1012 697 1098 720 Tunc
1123 696 1333 720 accmaaum
1357 688 1422 726 246;
1458 697 1618 727 cuonone
1643 697 1751 720 NEMPE

409 741 683 779 inu-Dr-'ff-nan
707 748 779 779 11.in
803 754 892 779 emm
916 755 1054 778 Pornus
1078 755 1150 784 sir,
1176 755 1215 778 m·
1238 746 1471 779 uir-Momm
1497 757 1563 779 mm
1589 756 1683 779 osma

795 814 872 837 ceps
896 813 1023 837 irenem
1048 814 1291 838 OCCUPAVERIT.

256 887 318 919 ΑΙΤ
342 886 576 919 ἸΒΝ-ΒΑεεῖιΜε
611 885 658 918 De
684 885 921 919 ·al-Mo=·t·amidz·
939 886 986 917 sui
1016 886 1113 930 ipsius
1136 888 1212 918 vana
1236 886 1445 919 admiratione
1460 911 1468 924 ,
1503 886 1541 919 de
1575 885 1667 918 variis
1690 885 1884 928 diversisque

211 945 326 987 quibus
354 955 385 977 se
422 944 566 976 tradebat
585 944 824 988 voluptatibus,
851 944 890 977 de
911 945 978 977 eius
1009 946 1157 989 opinione
1185 944 1267 987 quod
1289 950 1415 988 putaret
1437 956 1468 976 se
1491 944 1589 976 firmis
1609 944 1754 976 manibus
1778 951 1885 976 tenere

210 1003 346 1035 habenas
366 1003 598 1046 provinciarum
612 1027 620 1042 ‚
643 1009 674 1034 et
697 1003 865 1046 imperium
886 1013 1029 1035 exercere
1052 1004 1083 1034 in
1106 1003 1185 1035 colla
1199 1013 1358 1034 servorum
1372 1027 1380 1042 ,
1402 1003 1476 1035 dum
1498 1010 1600 1034 tamen
1624 1003 1690 1034 eius
1710 1004 1831 1045 equites
1852 1013 1883 1033 se

211 1061 343 1092 inertiae
363 1060 548 1099 tradebant,
574 1061 703 1104 eiusque
723 1061 874 1105 poculum
896 1061 1078 1093 versabatur
1102 1062 1131 1092 in
1152 1071 1246 1092 manu
1267 1061 1436 1103 pincernae
1455 1060 1592 1103 superbo
1615 1060 1709 1091 modo
1734 1060 1884 1091 inceden-

208 1120 247 1150 tis
262 1144 269 1156 ,
295 1119 371 1150 licet
405 1118 558 1161 insignem
581 1119 613 1150 in
641 1109 803 1151 doctrinae
824 1118 928 1151 studio
960 1119 1063 1150 locum
1089 1124 1279 1161 occuparet,
1305 1124 1336 1148 et
1359 1117 1449 1148 valde
1471 1117 1626 1148 humanus
1648 1124 1748 1153 esset,
1772 1136 1816 1142 —
1846 1118 1886 1149 de

208 1176 256 1207 his
270 1200 277 1213 ‚
300 1176 427 1219 inquam
445 1201 453 1214 ,
478 1177 538 1209 iam
561 1187 654 1221 supra
677 1177 751 1209 talia
771 1177 893 1208 narravi
914 1187 993 1220 quae
1006 1176 1162 1206 sufficiant
1185 1175 1232 1206 illi
1250 1175 1303 1218 qui
1326 1174 1397 1205 satis
1420 1174 1488 1205 fuse
1509 1174 1658 1216 expositis
1680 1175 1881 1216 acquiescat,

206 1245 286 1277 quae
318 1233 505 1265 miraculum
536 1234 702 1266 videantur
735 1234 791 1266 tali
817 1235 873 1277 qui
903 1233 1062 1265 historiam
1092 1238 1212 1265 attente
1244 1232 1424 1265 consideret
1458 1238 1489 1263 et
1520 1232 1677 1265 observet.
1723 1231 1783 1263 Illo
1813 1243 1885 1264 vero

207 1299 349 1334 tempore
368 1302 430 1334 quo
451 1290 595 1322 Cordoba
615 1297 722 1334 erepta
751 1290 855 1324 fuerat
884 1292 1028 1323 manibus
1060 1290 1330 1329 Gahwaridarum
1355 1310 1398 1316 -—
1432 1290 1515 1334 quod
1547 1301 1610 1334 quo
1643 1290 1736 1322 modo
1765 1290 1882 1322 factum

207 1351 268 1385 sit,
296 1349 494 1380 narravimus
525 1355 554 1380 et
587 1348 795 1392 explicuimus
822 1350 852 1381 in
879 1350 1038 1381 volumine
1059 1350 1161 1392 primo
1182 1368 1246 1386 —‚
1272 1350 1343 1380 urbi
1369 1349 1561 1392 praefecerat
1582 1348 1682 1381 filium
1705 1360 1792 1380 suum
1818 1350 1884 1380 ²Ab-

207 1408 341 1441 ludum„
367 1409 420 1451 qui
446 1406 627 1438 rutabulum
652 1408 739 1450 quasi
760 1415 826 1439 erat
857 1419 920 1451 quo
946 1407 1018 1439 belli
1047 1408 1125 1450 ignis
1145 1407 1372 1445 exacuebatur,
1399 1414 1428 1439 et
1455 1408 1508 1451 qui
1527 1407 1684 1439 efficiebat
1720 1414 1753 1438 ut
1778 1408 1882 1438 hastae

209 1467 340 1507 (hostes)
365 1465 592 1502 confoderent,
611 1464 772 1508 gladiique
797 1476 847 1497 eos
871 1466 1026 1504 serireut;
1054 1467 1174 1498 iuvenis
1198 1467 1250 1510 qui
1277 1478 1338 1498 non
1360 1467 1491 1498 curabat
1515 1467 1640 1498 cuinam
1662 1466 1785 1498 obviam
1808 1477 1881 1509 pro-

207 1525 412 1566 grederetur,
446 1534 504 1555 nec
533 1522 571 1553 ad
603 1534 768 1565 quamnam
799 1534 864 1555 rem
887 1531 1073 1563 vocaretur3
1110 1524 1179 1555 talis
1206 1525 1260 1567 qui
1291 1525 1350 1557 iam
1387 1525 1521 1557 irruerat
1545 1525 1575 1556 in
1603 1519 1881 1562 'Ibn·I)i·’7z-nun‚

209 1594 306 1624 quum
326 1581 397 1619 hic,
425 1587 458 1612 ut
477 1581 598 1624 saepius
618 1581 761 1619 solebat,
792 1582 1003 1614 incursionem
1022 1589 1066 1611 Ω47
1090 1582 1207 1614 faceret
1228 1584 1257 1614 in
1280 1590 1394 1615 terram
1416 1583 1649 1616 Cordobensem
1663 1608 1671 1621 ,
1694 1594 1796 1614 secum
1818 1583 1881 1614 du-

209 1652 280 1671 cens
300 1640 469 1672 exercitum
485 1663 493 1677 ‚
520 1650 583 1682 quo
613 1639 724 1682 plenus
748 1646 814 1671 crat
840 1650 968 1683 campus
991 1641 1142 1683 cuiusque
1171 1652 1320 1673 numerus
1345 1642 1560 1684 computando
1582 1641 1707 1672 definiri
1726 1652 1786 1671 non
1809 1647 1880 1682 pot·

207 1705 291 1737 erat;
329 1704 465 1729 attamen
488 1697 553 1729 eius
575 1697 674 1729 aciem
700 1705 827 1742 ruperat
857 1698 966 1731 ‘Abbad
999 1706 1028 1730 et
1051 1700 1118 1731 eius
1153 1700 1360 1743 possessiones
1389 1699 1511 1743 publici
1542 1699 1619 1730 iuris
1646 1697 1877 1734 declaraveram

204 1752 463 1788 itm-tn-'n-nan
487 1766 560 1787 vero
581 1755 704 1798 fugerat
726 1756 835 1790 eodem
861 1757 954 1789 modo
974 1769 1037 1802 quo
1053 1758 1175 1802 sugeret
1195 1757 1374 1800 Abu-Naqr
1392 1758 1448 1795 248,
1475 1765 1640 1801 postquam
1664 1756 1778 1788 invitus
1793 1756 1879 1797 (hos-

208 1916 276 1954 2¹42)
296 1917 451 1954 Sequuntur
469 1916 511 1945 hic
532 1927 579 1946 vss.
596 1915 627 1951 l,
648 1916 680 1951 2,
701 1917 732 1951 4,
753 1918 784 1951 5.
808 1918 855 1952 16,
878 1918 932 1953 20,
953 1918 1006 1955 21,
1025 1919 1079 1953 22,
1100 1918 1138 1949 2¹}
1157 1923 1181 1948 et
1200 1919 1235 1947 25
1258 1919 1352 1957 elegiae
1371 1928 1451 1956 quam
1472 1927 1552 1954 supra
1571 1927 1597 1954 p.
1614 1915 1769 1944 137-140
1787 1916 1879 1944 Latine

297 1971 373 1998 verti.

208 2023 276 2059 245)
297 2023 420 2061 Longum
446 2023 509 2052 illud
531 2027 609 2062 caput
628 2024 660 2052 dc
679 2023 936 2058 'lbno-'l-Labhana
966 2025 1035 2065 quod
1057 2026 1100 2054 hic
1122 2030 1220 2063 spectat
1247 2029 1357 2060 auctor,
1379 2025 1516 2054 invenitur
1536 2025 1562 2052 in
1585 2022 1781 2051 'Iba-Bassania
1803 2023 1879 2050 volu-

299 2079 370 2105 mine
392 2077 474 2106 Goth.
497 2076 542 2105 fol.
561 2077 615 2105 183
628 2086 653 2104 v,
670 2093 709 2099 —-
729 2077 784 2105 194
801 2088 823 2105 v.

211 2130 277 2166 2116)
299 2131 331 2159 ln
353 2131 469 2158 Arabicis
486 2130 530 2159 hic
557 2135 594 2159 est
616 2131 786 2168 metaphora,
810 2137 835 2161 et
857 2133 934 2161 rerba
956 2132 987 2161 ad
1010 2133 1111 2161 literam
1132 2132 1294 2170 significant:
1317 2140 1406 2160 eorum
1431 2132 1529 2169 quihus
1550 2130 1625 2158 stella
1655 2129 1791 2157 cordobae
1814 2140 1877 2157 con—

300 2195 375 2212 versa
394 2189 448 2217 esl,
469 2194 568 2221 gyrum
590 2186 652 2222 egil.

212 2237 282 2273 247)
300 2237 498 2265 Substantivum
520 2240 595 2278 {SM-'³
619 2238 741 2265 incursio
761 2237 857 2268 Leaico
872 2239 1020 2268 addendum
1039 2243 1084 2268 est.

214 2289 282 2327 248)
300 2290 391 2319 Nescio
410 2301 442 2318 an
458 2290 502 2318 hic
519 2299 572 2318 non
587 2294 685 2326 spectet
703 2295 794 2320 auctor
811 2293 1002 2331 Abu-Nacruw
1021 2294 1168 2330 principem
1190 2301 1220 2320 ex
1238 2296 1315 2330 gente
1335 2291 1462 2320 Bowaihz'.
1505 2290 1567 2325 Hic,
1591 2301 1674 2329 quum
1693 2291 1877 2320 ·al-Moxraffac

304 2352 365 2371 euni
386 2342 594 2381 aggrederetur,
619 2353 633 2371 >>
647 2347 689 2372 eut
708 2355 721 2371 a
741 2346 814 2382 peine
835 2346 858 2375 lc
877 2346 949 2374 loisir
968 2345 1000 2373 de
1018 2355 1044 2373 se
1065 2353 1158 2374 sauver
1173 2354 1233 2374 avec
1259 2355 1310 2373 une
1330 2345 1380 2373 sort
1402 2345 1481 2381 petite
1502 2347 1595 2382 tronpe
1612 2344 1644 2373 de
1665 2354 1704 2373 ses
1725 2354 1798 2382 gens.
1839 2346 1876 2374 ce
