2053 2969
883 164 1191 200 *406—

259 269 324 299 ‘lam
348 268 439 309 longa
451 270 498 296 est
513 272 571 294 nox
597 267 669 297 tuae
687 259 862 296 absentiae,
878 256 973 290 redde
995 258 1102 302 itaque
1125 256 1214 290 nobis
1233 263 1323 290 tuum
1340 255 1510 291 adventum
1523 256 1556 290 in
1578 255 1671 289 huius
1689 255 1752 290 fine
1771 255 1882 289 laetam

303 334 459 356 auroram.

214 385 300 416 Dixit
321 383 435 414 etiam:

256 442 356 484 Saepe
377 437 535 472 fastidiosa
555 434 585 467 56
611 441 694 467 caet.

215 499 402 542 Composuit
422 507 551 540 quoque
573 495 678 527 versus
703 498 867 536 sequentes
884 504 892 524 ε

253 557 279 590 Ο
308 564 342 589 tu
366 566 447 599 quae
467 555 549 585 inter
575 552 716 584 homines
737 561 807 583 mea
827 561 859 582 es
881 550 995 583 selecta
1012 572 1020 587 ,
1045 554 1079 580 tu
1107 558 1124 579 o
1153 547 1265 586 stella,
1289 547 1353 580 imo
1375 547 1449 581 luna
1464 573 1471 585 ,

258 615 306 647 Tu
323 624 405 657 quae
428 612 503 644 dum
523 610 664 644 ambulas
687 616 812 642 tenuem
833 619 955 641 ramum
977 605 1187 640 similitudine
1203 606 1322 645 refers,
1341 606 1417 639 dum
1439 604 1516 648 (me)
1530 604 1687 650 adspicis,
1705 606 1887 648 dorcadem,

256 673 304 705 Tu
322 683 403 716 quae
422 683 454 704 es
478 677 582 715 gratus
601 668 678 701 odor
694 673 725 698 57
747 667 834 699 horti
856 667 888 699 in
913 678 976 710 quo
997 666 1052 698 flat
1074 671 1185 699 ventus
1203 676 1335 698 aurorae
1359 671 1520 709 tempore,

256 732 305 765 Tu
325 742 405 775 quae
429 730 484 762 tali
508 729 601 762 oculo
623 739 655 761 es
678 725 819 771 praedita
845 726 901 770 qui
921 725 998 758 dum
1023 725 1150 768 languet
1179 723 1307 757 vinculo
1326 724 1414 768 quasi
1439 729 1543 756 tamen
1568 722 1697 767 alligat,

258 790 363 831 Quum
380 800 488 821 sanare
503 787 615 820 studeo
637 793 669 820 te
691 796 803 819 vocans
825 796 930 817 meum
950 783 1094 816 auditum
1115 794 1285 826 meumque
1307 782 1407 814 visum
1421 805 1430 820 ‚

258 848 340 880 Tum
360 846 392 879 in
412 858 482 879 meo
503 845 598 878 corde
616 856 679 877 non
699 844 835 888 amplius
854 849 899 877 est
917 842 1029 882 ardor,
1054 841 1129 886 quia
1154 847 1189 873 tu
1209 851 1355 885 praesens
1376 851 1407 872 es
1428 839 1471 873 53.

213 906 387 950 Sequentes
407 906 503 937 etiam
521 904 668 948 scripsit:

259 965 384 997 Aurora
403 964 465 996 iam
486 962 634 996 laceravit
656 960 859 995 tenebrarum
878 964 1018 998 vestem,
1039 964 1076 992 >et
1098 957 1245 989 laceravit
1266 967 1358 989 curas
1378 956 1485 988 vinum
1508 956 1592 1000 quod
1613 968 1708 988 manu
1730 963 1833 990 teneo.

259 1022 362 1055 Suave
381 1021 487 1055 vinum
511 1031 598 1053 sume
620 1020 709 1052 cuius
729 1030 845 1052 nomen
867 1018 949 1063 gerit
963 1041 973 1056 ,
1004 1023 1036 1050 et
1065 1015 1150 1060 quod
1174 1016 1240 1047 eius
1262 1015 1376 1047 salivae
1406 1014 1510 1048 simile
1534 1022 1581 1047 est
1600 1025 1609 1053 ;
1641 1026 1789 1048 curarum
1806 1017 1889 1048 leva*

303 1091 376 1112 men
394 1086 524 1123 apparet
546 1080 578 1111 in
595 1089 633 1112 eo
657 1077 867 1122 quodvsimile
891 1082 939 1110 est
953 1075 1055 1108 colori
1076 1075 1143 1107 eius
1165 1083 1315 1116 genarum
1338 1079 1380 1105 59.

91 1154 117 1181 p.
131 1142 196 1174 390.
219 1137 407 1183 Composuit
429 1138 524 1170 etiam
545 1138 651 1169 versus
673 1135 754 1169 hos:

260 1196 320 1230 Die
337 1206 400 1240 quo
424 1195 455 1227 ei
471 1194 686 1227 valedicebam
699 1216 708 1232 ,
733 1192 845 1236 ligavit
865 1202 953 1224 amor
974 1200 1069 1234 quem
1089 1198 1163 1232 erga
1181 1198 1251 1222 eam
1275 1186 1368 1220 foveo
1387 1198 1494 1221 meum
1517 1189 1659 1222 animum
1676 1198 1812 1232 eumque
1836 1189 1892 1222 de—

305 1254 401 1287 tinuit
422 1253 473 1292 ⁶03
501 1252 626 1285 nullum
648 1251 759 1296 itaque
782 1250 915 1284 verbum
941 1248 1081 1293 protuli3

261 1312 324 1347 Sed
346 1313 460 1356 (quum
482 1309 624 1354 abiisset)
647 1309 741 1342 ardor
761 1309 824 1342 mei
845 1307 991 1341 iuvenilis
1008 1305 1123 1339 amoris
1143 1314 1250 1338 meum
1271 1303 1359 1338 iecur
1377 1303 1565 1349 liquefecit,
1588 1312 1622 1340 et
1640 1305 1699 1339 hoc
1717 1305 1816 1340 nuere
1835 1304 1887 1341 fe-

307 1372 352 1404 cit
368 1369 469 1403 veluti
491 1367 668 1411 lachrymas
693 1367 726 1401 in
749 1368 819 1401 mea
842 1367 936 1411 gene.

219 1428 307 1462 Dixit
327 1427 421 1460 etiam
440 1439 448 1460 z

263 1486 387 1519 Amasia
402 1510 410 1524 ,
437 1485 504 1528 ipsa
523 1481 702 1521 dormiens,
722 1481 890 1527 prohibuit
911 1478 1080 1525 quominus
1104 1488 1231 1512 somnus
1250 1476 1290 1512 ad
1312 1487 1367 1510 nos
1390 1478 1532 1516 veniret3
1557 1479 1691 1513 tentavit
1710 1489 1768 1512 nos
1784 1488 1890 1511 amore

310 1541 503 1576 ostendendo
517 1566 526 1580 ,
555 1541 608 1574 sed
629 1539 744 1573 deinde
763 1551 794 1573 se
819 1540 945 1572 avertit.

267 1600 293 1633 O
315 1612 393 1632 nova
414 1599 599 1636 lunataciei
616 1599 743 1639 nitore,
766 1610 784 1631 o
808 1598 918 1631 dorcas
939 1597 1014 1629 limo
1042 1602 1097 1629 'tuo
1122 1593 1259 1632 intuitu,
1283 1605 1300 1627 ο
1324 1605 1409 1626 rame
1432 1599 1569 1628 staturae
1595 1593 1809 1628 flexibilitate!

269 1658 408 1690 Obsecro
429 1663 459 1688 te
483 1668 540 1700 per
559 1668 698 1689 amorem
720 1668 783 1700 quo
806 1668 863 1701 ego
887 1662 917 1689 te
938 1663 1131 1700 persequor,
1163 1662 1219 1696 per
1238 1651 1431 1685 desiderium
1452 1652 1536 1696 quod
1564 1652 1595 1684 in
1617 1663 1688 1684 meo
1708 1657 1753 1685 est
1774 1651 1887 1690 corde,

312 1726 350 1747 ne
373 1726 423 1747 me
446 1715 593 1747 tristitiae
619 1714 798 1758 relinquas!

228 1897 277 1931 56)
307 1896 360 1924 Hos
376 1897 466 1924 versus
485 1896 537 1924 iam
558 1905 640 1934 supra
657 1894 724 1924 verti
746 1903 772 1933 p.
785 1893 845 1923 328
865 1904 902 1924 vs.
914 1894 1023 1924 7-10,

537 1946 594 1962 fi„

230 1964 279 1999 57)
308 1963 346 1991 De
364 1962 412 1991 hac
427 1963 496 1991 vocis
518 1976 592 2007 ww
615 1965 741 2001 potestate
760 1960 797 1990 cf.
817 1971 897 2000 supra
915 1972 942 2000 p.
958 1962 996 1991 25
1019 1971 1079 1991 ann.
1096 1959 1168 1997 (70).

230 2017 279 2053 58)
306 2017 367 2045 Vult
385 2019 472 2054 poeta:
491 2016 556 2045 dum
575 2026 680 2055 semper
697 2019 721 2045 te
742 2025 848 2044 mecum
870 2025 924 2044 esse
942 2015 1037 2053 cupio,
1051 2018 1075 2044 te
1094 2015 1181 2054 cogito
1198 2016 1223 2042 et
1241 2011 1403 2052 praeclaram
1421 2012 1493 2038 tuam
1513 2007 1755 2047 pulchritudinem,
1774 2012 1801 2037 tu
1814 2018 1891 2046 prae-

312 2080 369 2098 sens
389 2069 454 2097 mihi
476 2079 528 2097 esse
546 2069 650 2099 videris.

234 2124 281 2158 59)
310 2123 378 2151 Haec
402 2124 481 2151 verba
504 2123 599 2151 Latina
624 2123 735 2151 minime
752 2123 901 2151 versionem
921 2130 1048 2150 versuum
1070 2120 1247 2149 Arabicorum
1265 2128 1358 2147 vocare
1382 2117 1492 2150 vellem
1515 2117 1633 2154 primum
1659 2117 1746 2144 nescio
1775 2125 1808 2145 an
1833 2126 1895 2144 cor—

318 2180 424 2211 rugturn
444 2176 478 2203 sit
506 2176 574 2204 istud
597 2179 663 2218 hys,
689 2176 760 2215 quod
782 2186 836 2205 non
861 2175 995 2214 intelligo,
1025 2177 1051 2202 et
1075 2173 1170 2202 deinde
1193 2172 1284 2201 lacuna
1311 2172 1338 2200 in
1360 2181 1397 2201 vs.
1416 2170 1456 2199 20.
1476 2170 1632 2199 sententiam
1656 2169 1764 2197 dubiam
1798 2169 1893 2198 reddit.

314 2229 438 2266 Suspicor
456 2233 544 2258 tamen
560 2229 672 2267 puellam
693 2230 725 2259 de
746 2232 798 2269 qua
819 2229 862 2258 hic
887 2230 1005 2268 loquitur
1021 2231 1096 2267 poeta
1113 2231 1182 2274 ;*·‘'>
1203 2228 1294 2254 vinum
1313 2224 1467 2263 appellatam
1493 2223 1590 2259 fuisse,
1612 2228 1638 2252 et
1655 2223 1811 2252 senteutiam
1833 2233 1892 2252 ver-

317 2292 392 2310 suum
413 2281 482 2310 illam
501 2283 556 2311 fere
575 2293 629 2312 esse
645 2293 725 2322 quam
743 2282 871 2312 vertendo
887 2282 1011 2321 expressi.

236 2335 285 2371 60)
313 2334 344 2363 ld
364 2338 417 2364 est:
440 2345 492 2364 non
509 2340 614 2376 questus
634 2347 695 2366 sum
712 2347 760 2367 nec
775 2337 850 2373 flevi,
869 2347 902 2367 ne
923 2339 1036 2366 amatam
1057 2332 1172 2374 puellam
1188 2331 1278 2362 dolore
1297 2331 1435 2361 afficerem*
