2053 2969
162 1784 185 1810 p.
200 1772 264 1801 306.

950 122 1258 159 -340—

316 224 355 255 Et
384 221 458 254 licet
480 220 510 252 in
536 220 603 252 soro
632 216 734 250 simile
755 227 857 250 emere
879 228 1023 262 possem,
1053 225 1156 251 tamen
1171 242 1179 257 ,
1203 228 1258 262 per
1278 216 1436 250 fortunam
1462 219 1567 253 tuam!
1589 217 1737 252 audacem
1759 218 1789 251 in
1811 218 1934 254 hostem

363 281 517 323 impetum
542 278 673 310 minime
695 277 788 307 curo!

316 338 463 369 Narravit
484 337 577 367 etiam
591 333 829 367 Abu-Dolfuna:
857 332 988 365 Ebrium
1008 344 1057 365 me
1078 333 1373 376 ad·al-Mancs1rum
1395 332 1612 371 adduxerunt,
1629 334 1682 376 qui
1705 333 1819 366 iuravit
1835 346 1865 366 se
1887 347 1938 368 me

275 396 440 427 missurum
464 405 536 424 cum
560 391 698 422 exercitu
722 395 796 420 tunc
818 395 927 421 contra
950 390 1053 422 hostes
1070 391 1304 435 progrediente.
1350 392 1437 424 Misit
1457 402 1507 422 me
1527 391 1634 433 itaque
1653 401 1724 422 cum
1745 391 1834 427 ssot-10
1853 393 1937 424 ·ibn-

275 452 381 487 ljat‘im
402 448 631 482 ·al-Mohallabi
643 449 690 481 33,
706 447 742 477 ad
765 446 882 477 bellum
901 447 1070 489 gerendum
1092 456 1199 481 contra
1222 450 1407 482 haereticos
1433 449 1535 490 Quum
1557 450 1588 480 in
1613 456 1783 492 conspectu
1806 451 1941 483 venisset

275 516 410 551 utraque
429 508 510 539 acies
526 531 534 545 ‚
560 506 651 541 Rullo
674 505 757 538 dixi:
784 504 843 534 »si
862 503 940 535 mihi
964 511 1035 536 tuus
1052 518 1150 549 equus
1173 513 1204 539 et
1235 514 1287 539 tua
1310 518 1394 538 arma
1413 512 1537 544 essent,
1565 507 1651 549 turpi
1675 506 1764 538 clade
1785 507 1941 540 afficerem

277 565 404 597 »hodie
424 563 544 595 hostem
569 570 677 601 tuum3
707 561 852 606 placetne
875 561 934 592 hoc
958 563 1069 594 tibi?''
1108 565 1196 595 Tunc
1218 563 1271 594 ille
1289 563 1327 594 ab
1355 574 1436 606 equo
1458 573 1512 593 suo
1533 561 1695 594 deseendit
1719 570 1750 595 et
1777 576 1861 596 arma
1886 576 1940 597 sua

277 624 374 654 exuit.
425 623 509 663 Quae
534 632 631 664 quum
656 619 845 663 possiderem
869 619 898 648 84
920 624 950 649 et
975 618 1066 650 dulce
1093 631 1201 651 eorum
1226 619 1417 651 desiderium
1438 625 1606 656 cessasset,
1633 621 1661 651 ei
1679 621 1828 653 recitavi:

323 681 498 713 Licentiam
521 690 536 709 a
560 685 590 709 te
615 677 719 719 rogavi
734 703 739 714 ,
754 683 786 707 ut
812 676 841 706 in
862 676 1017 719 proelium
1040 678 1214 714 irruerem,
1239 688 1275 708 eo
1294 677 1426 707 consilio
1446 683 1479 708 ut
1502 675 1589 708 hasta
1607 675 1731 708 hostem
1749 678 1942 718 confodiam,

367 737 481 770 deinde
501 737 540 767 ab
565 746 646 778 equo
670 733 854 765 descendam
879 740 908 764 et
931 734 1033 775 gladio
1056 745 1127 765 eum
1150 733 1281 770 seriam3

324 795 386 828 Sed
407 796 506 827 fateor
528 805 578 825 mc
601 803 827 835 nonnunquam
846 790 965 835 gladios
988 792 1121 824 nudatos
1142 791 1257 823 vidisse
1272 814 1280 828 ‚
1305 795 1336 821 et
1359 800 1411 821 eos
1433 796 1507 821 tunc
1530 791 1695 835 reliquisse
1716 799 1747 825 et
1772 794 1945 838 fugientem

369 853 482 883 abiisse
497 863 504 890 3

327 910 408 951 Quid
435 911 519 941 enim
537 909 641 941 dicere
663 915 751 952 potes
769 908 862 940 rebus
884 908 950 940 istis
967 932 974 946 ,
999 918 1078 951 quae
1099 907 1229 939 veniunt
1252 905 1328 938 dum
1346 917 1396 937 eas
1420 916 1481 937 non
1502 906 1608 945 vides,
1634 907 1671 939 ad
1695 909 1840 952 cuspides
1857 921 1945 941 rnor—

371 970 406 1000 tis
427 967 660 1011 pertinentibus
676 988 684 1001 ‚
709 965 826 1008 sagittis
849 966 943 996 istis?

326 1026 386 1057 Sfd
411 1025 485 1056 ille:
513 1036 552 1056 ne
577 1025 614 1055 de
643 1024 757 1055 talibus
782 1023 919 1065 cogites,
955 1023 1071 1065 inquit.
1121 1022 1165 1053 Ex
1188 1021 1353 1054 haereticis
1386 1022 1513 1065 quidam
1543 1022 1580 1053 ad
1606 1022 1762 1065 singulare
1787 1030 1947 1056 certamen

281 1084 378 1120 exiit,
404 1090 433 1114 et
459 1089 603 1125 praetor:
632 1088 665 1112 tu
687 1087 795 1111 contra
817 1091 888 1111 euin
913 1080 1121 1123 progredere,
1147 1080 1264 1122 inquit.
1312 1079 1493 1121 Respondi:
1521 1079 1692 1109 »obtestor
1714 1086 1743 1110 te
1769 1092 1825 1122 per
1846 1081 1946 1113 Deum

283 1152 302 1170 >›
316 1152 364 1172 ine
386 1141 574 1171 moriturum
597 1149 662 1169 esse
676 1162 683 1174 ,
708 1149 725 1168 ο
746 1138 878 1169 'Effluet
914 1138 974 1168 llio
994 1138 1115 1180 primus
1134 1136 1200 1166 dies
1226 1135 1286 1165 erit
1304 1135 1384 1165 vitae
1406 1146 1494 1166 meae
1514 1135 1639 1166 suturae
1667 1142 1698 1166 et
1719 1136 1848 1168 ultimus
1869 1139 1949 1170 vitae

282 1209 303 1227 >>
317 1209 403 1229 meae
425 1197 596 1228 terrestris!
630 1195 691 1227 Sed
707 1219 713 1231 ,
739 1206 795 1236 per
817 1194 940 1225 Deum!
966 1194 1069 1225 esurio
1085 1217 1093 1230 ,
1119 1199 1150 1223 et
1181 1191 1304 1223 nullum
1330 1191 1443 1223 vulnus
1464 1203 1479 1222 a
1501 1203 1549 1224 me
1571 1193 1731 1236 infligetur
1750 1201 1882 1237 propter
1902 1195 1948 1226 fa-

283 1257 435 1286 >›mem.''
484 1254 614 1285 Praetor
638 1252 716 1283 duos
736 1263 831 1294 panes
858 1251 1048 1294 orbiculatos
1080 1256 1111 1281 et
1132 1249 1279 1292 gallinam
1300 1248 1379 1280 mihi
1405 1249 1473 1280 dari
1494 1250 1604 1289 iussit,
1640 1262 1717 1294 quos
1739 1262 1836 1295 quum
1858 1263 1948 1284 acce-

281 1313 393 1353 pissem
416 1318 524 1341 contra
555 1309 693 1342 hostium
719 1311 818 1342 aciem
845 1318 1026 1352 progressus
1045 1317 1125 1338 sum.
1176 1308 1281 1348 Quum
1304 1305 1481 1339 haereticus
1505 1319 1555 1339 me
1578 1308 1726 1348 vidisset,
1751 1321 1802 1341 me
1825 1313 1949 1354 petivit.

284 1367 488 1410 Colloquiurn
512 1367 706 1398 instituimus
734 1373 764 1398 et
785 1367 870 1399 disi:
912 1366 1100 1398 »Viaticum
1123 1363 1203 1395 mihi
1222 1371 1287 1402 est,
1313 1364 1352 1397 de
1377 1377 1440 1408 quo
1461 1366 1530 1397 volo
1553 1373 1588 1397 ut
1612 1378 1736 1400 mecum
1761 1370 1853 1408 edas,
1878 1382 1949 1403 nam

284 1433 421 1457 »tecum
441 1437 580 1468 pugnare
598 1424 681 1456 haud
704 1424 780 1456 adeo
803 1423 882 1455 mihi
905 1423 1045 1466 placet.''
1094 1422 1202 1454 Dorsis
1222 1422 1330 1466 itaque
1351 1434 1505 1467 equorum
1526 1424 1713 1464 insidentes,
1736 1425 1858 1458 edimus
1875 1452 1882 1465 ‚
1906 1429 1951 1458 ri-

284 1483 431 1515 dentibus
451 1481 646 1514 hominibus.
694 1482 805 1524 Epulis
829 1480 1001 1517 absolutis,
1025 1480 1078 1511 ille
1103 1479 1183 1510 mihi
1208 1479 1370 1513 valedixit.
1418 1481 1455 1512 In
1478 1482 1587 1512 castris
1608 1481 1704 1513 redux
1720 1508 1728 1521 ‚
1752 1483 1845 1519 Ruho
1866 1484 1949 1517 dixi:

285 1541 345 1571 iam
366 1540 439 1571 talia
465 1551 545 1582 quae
572 1539 630 1570 tibi
659 1539 800 1570 sufficere
820 1538 978 1575 debeant,
1004 1543 1113 1568 contra
1136 1537 1348 1570 adversarium
1371 1549 1477 1570 meum
1498 1540 1698 1583 perpetravi:
1725 1541 1822 1572 alium
1846 1542 1953 1584 itaque

285 1598 366 1640 elige
385 1598 439 1640 qui
465 1597 611 1628 similiter
635 1595 707 1626 talia
729 1607 809 1638 quae
827 1596 885 1626 tibi
905 1595 1061 1626 sufficiant
1077 1619 1084 1632 ,
1099 1601 1207 1626 contra
1224 1595 1437 1627 adversarium
1452 1608 1541 1628 suum
1559 1606 1731 1642 perpetret.
1766 1601 1854 1632 Tunc
1874 1602 1953 1632 alius

286 1657 334 1694 (ex
368 1654 524 1695 hostibus)
555 1653 592 1684 ad
624 1652 781 1696 singulare
810 1660 967 1685 certamen
994 1653 1199 1696 provocavit3
1234 1652 1352 1696 Ruho‚
1378 1664 1429 1686 me
1458 1654 1582 1687 iubenti
1608 1663 1718 1689 contra
1746 1669 1817 1690 eum
1846 1660 1952 1697 exire,

286 1712 349 1742 dixi
364 1724 371 1742 :

331 1768 488 1811 Confugio
512 1767 549 1799 ad
575 1767 701 1803 Ruhum
726 1768 750 1799 si
774 1779 823 1799 me
848 1767 974 1812 prodire
997 1767 1084 1799 iubet
1109 1767 1145 1799 ad
1171 1773 1328 1800 certamen
1356 1790 1828 1806 ..............

330 1826 403 1858 Soio
427 1827 509 1858 enim
534 1825 572 1857 ad
594 1825 750 1868 singulare
769 1833 926 1857 certamen
955 1833 1064 1858 contra
1087 1824 1280 1858 adversarios
1306 1825 1457 1870 prodire,
1480 1825 1541 1860 hoc
1568 1826 1606 1859 ad
1636 1827 1706 1860 illas
1727 1840 1775 1863 res
1795 1830 1954 1874 pertinere

376 1897 456 1929 quae
479 1895 594 1928 corpus
619 1883 658 1915 ab
683 1884 786 1915 auimo
806 1884 982 1927 seiungunt.

367 2035 429 2054 nem
451 2025 522 2053 illam
543 2025 633 2055 salsam
653 2037 723 2062 esse,
748 2037 809 2055 nam
834 2026 998 2064 requirimus
1019 2025 1114 2054 collum
1135 2036 1236 2060 meum,
1258 2025 1300 2054 vel
1317 2026 1404 2055 simile
1421 2027 1505 2065 quid;
1528 2027 1565 2056 ef.
1582 2027 1651 2055 aliud
1674 2028 1877 2063 ‘Abu-Dolfimae
1894 2040 1954 2059 car-

370 2101 446 2125 men,
465 2102 545 2130 supra
562 2093 589 2121 in
608 2097 679 2121 textu
696 2104 721 2131 p.
733 2093 790 2121 306
808 2103 844 2121 vs.
858 2093 883 2121 4.
925 2093 953 2120 Si
976 2091 1081 2119 aliunde
1098 2092 1165 2120 mihi
1183 2095 1313 2120 constaret
1330 2096 1431 2121 exstare
1445 2103 1536 2121 vocem
1557 2094 1667 2142 ‘obt—50,
1683 2094 1700 2122 i.
1712 2105 1737 2134 q.
1753 2078 1839 2141 λῗὲᾆ,
1859 2107 1955 2136 nempe

370 2144 509 2182 iugulum,
531 2145 698 2174 denotantem
710 2168 717 2181 ,
737 2146 875 2175 difficultas
895 2145 995 2173 sublata
1013 2148 1087 2173 esset.

290 2196 340 2233 83)
372 2197 438 2224 Vide
453 2197 531 2224 huius
552 2199 603 2225 viri
621 2199 700 2227 vitam
720 2200 747 2227 in
762 2196 986 2233 ‘Iba-Callicaue,
1010 2197 1051 2226 ed.
1067 2197 1098 2225 de
1116 2197 1209 2233 Slane,
1230 2197 1254 2227 I.
1276 2209 1303 2236 p.
1320 2199 1377 2228 269
1388 2210 1427 2238 sq.

291 2249 342 2287 84)
372 2250 573 2285 Animadverte,
599 2254 665 2279 tecte
686 2262 784 2290 equum
803 2257 827 2281 et
845 2263 918 2281 arma
935 2251 1064 2290 praetoris
1081 2261 1186 2291 rogasse
1201 2251 1435 2291 Abu-Dolamam,
1458 2257 1593 2294 tamquam
1614 2255 1763 2293 praemium
1780 2266 1831 2296 pro
1848 2257 1953 2290 virtutis

372 2303 478 2332 bellicae
497 2303 656 2333 documento
673 2304 744 2343 quod
762 2305 838 2336 edere
853 2307 964 2336 volebat.
