2053 2969
902 224 1212 261 —126—

273 319 388 353 Colore
410 323 549 350 mutatus
568 328 655 356 sum,
682 317 757 351 licet
776 318 879 351 nullus
902 319 933 351 in
957 331 1090 364 corpore
1111 319 1239 352 morbus
1264 317 1362 357 adsit,
1384 323 1413 350 et
1434 319 1538 362 capite
1562 328 1657 351 canus
1679 319 1778 352 factus
1799 329 1865 353 sum
1881 343 1889 359 ,

318 378 394 409 licet
424 377 564 408 nondum
590 388 639 409 me
662 378 805 420 attigerit
824 384 975 411 senectus.

270 435 342 468 Non
373 435 532 466 commisit
564 445 667 467 servus
701 441 772 467 tuus
797 436 916 468 crimen
939 448 1002 480 quo
1028 435 1248 479 obiurgatione
1279 434 1390 478 dignus
1415 434 1516 467 factus
1537 441 1603 474 est,
1630 441 1661 468 et
1681 442 1783 469 tamen
1800 460 1808 475 ‚
1833 439 1892 469 en!

317 494 371 525 ille
395 499 425 525 te
449 492 624 536 alloquitur
648 504 679 525 se
701 504 860 526 excusans.

273 551 376 595 Culpa
398 557 520 583 tantum
543 551 701 583 incumbit
721 552 862 595 populo,
889 552 943 595 qui
967 550 1075 583 odium
1107 551 1306 584 reconditum
1331 557 1377 580 ³¹0
1401 551 1508 589 fovet3
1537 550 1646 584 eodem
1669 557 1810 595 tempore
1829 561 1892 596 quo

316 616 349 641 tu
371 621 442 653 erga
463 621 514 641 eos
541 610 701 653 promissis
726 616 807 648 stas,
833 610 885 642 isti
914 609 1023 641 fraude
1051 616 1198 642 utuntur.

271 668 326 700 Est
349 667 507 712 populus,
533 668 564 699 in
596 669 685 700 cuius
713 669 837 700 monitu
864 668 1053 700 sinceritatis
1081 670 1217 712 speciem
1238 678 1314 711 prae
1337 678 1368 699 se
1398 666 1518 698 ferente
1542 671 1588 698 est
1610 665 1779 710 deceptio,
1804 667 1894 698 cuius

315 737 403 758 amor
424 732 470 758 est
491 725 623 765 odium3
651 733 723 758 sunt
756 726 816 757 viri
846 737 981 770 quorum
1011 727 1151 765 utilitas,
1182 727 1206 758 si
1230 736 1374 757 nummos
1397 736 1432 757 ex
1451 724 1550 756 altera
1577 725 1683 768 specie
1706 725 1738 756 in
1763 724 1894 757 alteram

314 789 498 828 permutant
514 808 522 822 ‚
545 790 592 815 est
613 783 764 816 damnum
789 791 845 817 311.

271 842 420 874 Cernitur
442 841 550 873 odium
580 842 611 873 in
634 842 760 882 verbis,
787 841 913 886 quando
932 852 1041 874 vocem
1065 841 1188 880 edunt,
1213 848 1244 874 et
1267 841 1467 885 cognoscitur
1495 839 1717 873 malevolentia
1742 841 1773 873 in
1795 840 1893 872 oculis

316 900 440 943 quando
460 906 614 943 spectant.

268 958 439 1001 Postquam
462 965 566 990 autem
598 964 786 1002 apparuerat
811 957 929 990 bellum
957 957 1075 995 civile,
1108 968 1140 988 se
1166 956 1318 989 effuderat
1346 957 1439 990 huius
1468 963 1607 996 torrem,
1640 962 1672 989 et
1695 962 1813 989 texerat
1833 955 1895 988 hu-

224 1016 272 1046 ius
295 1016 386 1046 vestis
418 1027 520 1058 syrma
544 1017 659 1059 quietis
680 1016 952 1061 pulchritudinem
969 1040 976 1053 ,
1011 1015 1208 1047 obsesserunt
1235 1016 1413 1048 Morabitae
1442 1016 1642 1054 cordobam,
1675 1015 1707 1046 in
1738 1016 1800 1058 qua
1829 1021 1897 1046 erat

224 1075 291 1105 eius
311 1073 393 1105 filius
412 1074 646 1106 'al-Mamunus
662 1099 669 1112 ‚
691 1075 954 1107 celebratissimus
982 1073 1163 1117 principum
1193 1074 1240 1104 sui
1266 1075 1416 1117 temporis
1442 1074 1632 1112 virtutibus,
1652 1083 1826 1115 eorumque
1848 1072 1896 1104 se-

225 1131 392 1163 licissimus
408 1156 416 1170 ‚
442 1133 497 1174 qui
526 1143 687 1176 nunquam
714 1139 888 1175 occupatus
909 1138 975 1163 erat
1005 1132 1036 1163 in
1060 1131 1252 1175 porrigendo
1272 1132 1364 1170 vino,
1386 1143 1488 1175 neque
1514 1131 1655 1163 calcabat
1674 1137 1719 1159 3¹2
1743 1129 1894 1162 rebellio-

224 1189 272 1220 nis
295 1190 401 1227 viam,
438 1189 475 1221 ad
509 1191 738 1233 poenitentiam
764 1190 944 1222 ducentem.
999 1189 1088 1221 Tunc
1124 1189 1211 1220 illam
1249 1189 1360 1220 urbem
1384 1201 1440 1232 per
1464 1189 1586 1232 aliquot
1619 1199 1738 1220 menses
1770 1188 1896 1220 obside-

223 1248 323 1283 bant,
345 1254 376 1279 et
400 1247 478 1279 adeo
499 1258 567 1279 eam
591 1247 755 1280 obSIdione
776 1248 947 1291 cingebant
970 1253 1000 1278 et
1021 1253 1106 1278 arcte
1127 1246 1353 1285 includebant,
1375 1253 1409 1278 ut
1435 1247 1562 1279 dixisses
1595 1246 1665 1279 ideo
1687 1247 1807 1278 circum
1827 1256 1895 1278 eam

222 1303 370 1336 demissas
400 1305 494 1337 fuisse
514 1306 670 1344 cortinas3
697 1306 878 1338 invadentes
898 1316 965 1337 eam
1001 1305 1196 1348 serpentium
1226 1305 1322 1336 instar
1338 1329 1347 1344 ‚
1375 1311 1406 1337 et
1430 1317 1521 1337 mane
1545 1305 1583 1337 ad
1614 1317 1682 1338 earn
1706 1304 1895 1336 adducentes

223 1374 348 1404 gravem
370 1363 543 1395 obsidionis
560 1363 718 1396 morbum.
770 1364 966 1407 Conceperat
988 1375 1061 1395 vero
1084 1363 1327 1395 alata-munus
1349 1364 1455 1395 animo
1473 1365 1618 1395 timorem
1643 1369 1675 1395 et
1694 1362 1895 1406 exspectabat

222 1422 262 1452 ab
284 1422 320 1453 iis
349 1422 466 1453 malum
491 1432 584 1465 grave
604 1421 688 1465 quod
718 1423 820 1465 ipsum
841 1422 957 1455 obiret.
1006 1421 1232 1465 Transportare
1263 1422 1370 1465 itaque
1390 1423 1478 1454 iussit
1505 1422 1658 1454 familiam
1686 1427 1717 1453 et
1744 1431 1817 1464 opes
1839 1420 1894 1451 ’81-

222 1478 459 1511 Modauwarum
492 1479 718 1521 (Almodovar
745 1480 802 1512 del
829 1479 906 1520 Ilio)
924 1504 933 1518 ‚
973 1486 1139 1523 postquam
1164 1479 1248 1511 illam
1281 1491 1385 1511 arcem
1411 1481 1610 1518 muniverat,
1644 1486 1675 1511 et
1707 1478 1894 1521 impleverat

224 1539 477 1580 instruxeratque
492 1543 644 1579 apparatu
668 1537 795 1571 bellico.
843 1538 914 1581 Ipse
928 1543 1032 1569 autem
1053 1538 1083 1568 in
1106 1538 1224 1580 palatio
1247 1538 1442 1570 Cordobensi
1463 1539 1578 1570 mansit
1598 1544 1684 1569 metu
1708 1536 1869 1581 perculsus
1883 1559 1892 1573 ,

223 1597 346 1638 primae
369 1595 438 1626 voci
464 1595 607 1626 occultae
631 1602 674 1625 3¹3
699 1606 805 1627 aurem
825 1596 997 1639 praebenS‚
1025 1596 1253 1640 observansque
1276 1597 1359 1629 unde
1383 1597 1461 1629 haec
1495 1598 1640 1635 veniret,
1667 1595 1767 1628 donec
1790 1594 1894 1627 Mora-

223 1654 316 1684 bitae
349 1653 400 1684 die
427 1652 565 1695 quodam
595 1652 633 1684 ad
661 1653 771 1685 urbem
801 1653 1008 1693 accederent,
1042 1665 1077 1686 ex
1101 1661 1194 1698 pacto
1218 1654 1306 1696 quod
1336 1666 1409 1687 cum
1438 1656 1550 1688 incolis
1585 1655 1740 1692 inierant,
1765 1664 1801 1685 ex
1830 1662 1892 1696 quo

224 1711 472 1743 conscenderent
493 1722 598 1742 muros
624 1718 656 1743 et
679 1712 835 1743 irruerent
865 1712 896 1743 in
913 1713 1000 1744 urbis
1024 1712 1091 1744 loca
1111 1714 1281 1745 eminentia
1302 1719 1333 1744 et
1353 1712 1508 1756 depressa.
1559 1714 1692 1755 (Urbem
1717 1721 1813 1754 quum
1839 1710 1894 1741 in-

225 1771 371 1809 trassent)
404 1768 614 1801 substiterunt
648 1775 752 1802 tamen
786 1771 963 1802 reverentia
991 1772 1152 1814 perculsi,
1186 1777 1217 1803 et
1249 1783 1284 1803 ex
1313 1771 1378 1803 alto
1401 1778 1447 1803 3¹4
1476 1777 1705 1815 prospexerunt
1734 1769 1892 1800 timentes.

226 1828 321 1859 Urbis
335 1833 438 1859 autem
452 1827 588 1871 populus
611 1829 723 1859 tessera
745 1834 789 1857 315
814 1828 852 1860 iis
872 1829 995 1872 signum
1015 1829 1133 1868 dabat,
1158 1836 1190 1862 et
1206 1830 1398 1873 sequebatur
1418 1828 1583 1873 cupidines
1605 1829 1701 1872 ipsius
1722 1826 1891 1859 rebellium

227 2005 296 2043 310)
318 2007 415 2036 Lex-ico
438 2007 605 2043 addendum,
627 2007 717 2036 vocab.
738 1999 825 2048 3225,
847 2007 917 2037 haud
934 2009 1023 2038 minus
1041 2019 1122 2048 quam
1145 2001 1232 2040 xlxii&
1245 2030 1252 2044 ,
1274 2009 1424 2048 significare
1446 2009 1535 2037 odium
1557 2007 1729 2036 reconditum.

228 2086 297 2123 311)
318 2087 434 2116 Berbere’
448 2088 491 2117 hic
509 2098 572 2117 cum
592 2088 747 2117 mercatoris
765 2089 848 2117 servis
865 2092 1056 2127 comparantur
1073 2088 1262 2124 fraudulentis,
1284 2089 1381 2127 quibus
1398 2089 1523 2117 dominus
1542 2097 1667 2116 nummos
1688 2097 1717 2116 ex
1738 2087 1818 2116 altera
1832 2096 1892 2124 spe-

318 2141 356 2168 cie
378 2141 405 2168 in
428 2141 538 2170 alteram
556 2142 746 2179 permutandos
764 2143 922 2175 committit,
945 2146 970 2171 et
989 2143 1036 2181 qui
1058 2142 1199 2171 dominum
1218 2142 1360 2180 decipiunt.
1411 2141 1514 2170 Eodem
1536 2141 1615 2170 modo
1632 2151 1678 2170 rex
1700 2140 1830 2169 Berbert's
1850 2150 1892 2169 res

319 2202 377 2219 suas
393 2194 553 2230 peragendas
578 2197 602 2222 et
621 2195 750 2224 curandas
769 2196 952 2230 commiserat,
974 2195 1018 2224 sed
1040 2193 1067 2224 hi
1087 2206 1148 2225 eum
1168 2196 1336 2233 deceperant.

231 2243 298 2276 312)
317 2243 487 2272 Constructio
505 2246 612 2283 quintae
628 2248 728 2276 formae
745 2249 819 2277 verbi
831 2251 893 2291 ὼε,
916 2259 938 2276 c.
953 2259 1020 2282 acc„
1043 2259 1110 2287 quae
1133 2247 1218 2285 paullo
1240 2248 1309 2276 infra
1329 2248 1443 2276 recurrit
1455 2270 1462 2282 ,
1483 2248 1580 2277 Lexico
1599 2250 1637 2277 est
1655 2246 1781 2276 addenda.

231 2297 299 2332 313)
320 2296 350 2325 Id
369 2301 420 2326 est:
444 2299 590 2337 unicuique
611 2300 653 2328 vel
667 2301 803 2331 levissimo
824 2302 887 2330 belli
906 2302 1019 2330 rumori.
1061 2301 1100 2330 Cf.
1119 2311 1200 2340 supra
1219 2303 1247 2331 in
1266 2305 1338 2330 testu
1357 2312 1383 2340 p.
1404 2300 1442 2330 57
1464 2311 1502 2330 vs.
1518 2302 1544 2331 5.

229 2349 299 2385 314)
318 2349 349 2378 Id
368 2354 421 2378 est:
445 2360 475 2379 ex
495 2351 552 2380 altis
570 2354 654 2382 muris
672 2355 699 2383 in
722 2355 816 2384 urbem
835 2357 1035 2394 prospexerunt.

231 2404 300 2441 315)
320 2405 353 2433 Ut
374 2407 459 2443 pateat
478 2405 567 2434 vocab.
578 2406 658 2455 jx&
680 2408 771 2437 reverit
792 2413 919 2438 tesseram
943 2407 1088 2437 militarem
1115 2407 1150 2444 (le
1171 2412 1223 2436 mot
1247 2407 1369 2446 d‘ordre)
1396 2407 1565 2448 significare,
1594 2406 1689 2438 habeas
1708 2407 1797 2438 locum
1818 2406 1892 2438 'Ibu-
