2053 2969
848 227 1156 263 —343—

161 323 223 366 Qui
247 323 352 356 versas
376 327 410 354 ut
428 332 486 353 suo
503 320 670 366 sepulchro
693 319 964 361 inscriberentur,
991 328 1176 357 testamento
1199 324 1373 358 mandavit.

203 381 317 414 Secum
346 380 480 412 invicem
506 385 582 411 tunc
612 379 761 412 aemulati
786 386 857 412 sunt
878 387 907 410 94
941 382 1088 414 nonnulli
1113 383 1171 415 viri
1194 383 1396 427 elegantioris
1426 382 1588 417 doctrinae
1619 385 1675 429 qui
1702 386 1831 431 Agma‘t'c*

156 444 267 476 erant,
290 438 388 480 longis
417 437 525 480 elegiis
551 437 583 469 in
606 448 678 469 eum
698 437 948 481 componendis,
975 440 1056 472 inter
1075 452 1152 484 quos
1174 447 1241 474 erat
1258 440 1436 480 Abu-Bahr
1455 442 1802 488 ·ibn-'Abdi·'5:-camad
1818 471 1827 485 ,

154 497 208 540 qui
232 495 360 538 elegiam
388 495 420 527 in
443 506 514 528 eum
544 495 724 539 composuit
746 496 835 527 cuius
861 496 988 531 initium
1008 497 1069 531 hoc
1086 505 1172 534 erat:

195 554 223 586 Ο
245 565 298 586 rex
318 565 427 597 regum
457 555 508 585 95!
534 560 614 586 caet.

196 611 354 644 Recitavit
374 611 444 654 (hos
465 612 586 653 versus)
611 611 687 645 licet
710 611 800 645 valde
822 612 919 645 tristis
943 621 1045 654 esset,
1063 621 1094 647 et
1117 614 1192 648 fecit
1220 615 1251 648 id
1273 615 1358 660 quod
1382 617 1641 660 praedicaverat,
1663 618 1826 662 pulverem

148 680 264 714 nempe
288 670 446 702 osculatus
470 676 539 707 est,
564 681 628 714 quo
651 670 790 704 frontem
816 672 1042 706 contaminavit
1063 679 1093 706 et
1123 674 1302 718 inquinarit
1318 699 1327 712 ,
1353 686 1415 718 quo
1444 675 1549 715 facto,
1579 683 1758 720 praesentes
1788 678 1826 709 ad

153 728 260 760 fletum
282 728 397 772 adegit.

193 786 363 819 Narratum
385 792 431 820 est
446 798 573 831 quoque
595 785 677 819 mihi
699 786 890 820 ’Abbadrdae
910 788 1034 822 cuidam
1055 788 1249 829 dormienti,
1269 797 1439 834 antequam
1460 791 1670 825 intortunium
1697 804 1749 826 eos
1776 795 1825 826 in-

146 844 293 883 vaderet,
319 844 376 876 hos
402 847 506 878 versus
528 846 675 879 recitatos
696 846 815 878 fuisse:

190 902 298 934 Nescit
317 903 363 935 vir
383 904 435 935 cui
456 904 539 936 bona
557 904 715 937 mundana
736 905 947 947 contingunt,
972 905 1145 938 cavendum
1168 918 1233 939 esse
1254 918 1269 938 a
1295 907 1437 939 noctium
1462 909 1613 951 temporis
1632 910 1820 943 mutatione.

190 961 315 993 Interea
344 961 419 994 dum
451 964 573 996 iuvenis
605 973 689 996 nunc
714 961 790 994 huic
820 974 906 996 nunc
934 963 983 996 illi
1011 964 1166 1009 voluptati
1200 975 1232 998 se
1260 965 1357 997 tradit
1374 965 1428 1005 96,
1454 966 1574 998 invadit
1600 978 1673 1000 eum
1697 967 1823 1001 dierum

235 1021 368 1052 mutatio
384 1045 392 1058 ,

187 1078 228 1112 Et
251 1079 332 1122 sugit
361 1090 433 1112 eum
463 1079 631 1123 multiplex
657 1079 710 1112 illa
740 1079 822 1112 laeta
846 1079 910 1112 vita
934 1080 966 1113 in
995 1082 1058 1124 qua
1093 1087 1176 1113 totus
1205 1087 1370 1120 versatur,
1395 1081 1494 1115 veluti
1525 1083 1651 1127 fugiunt
1682 1096 1819 1128 passeres

232 1143 437 1179 conspectum
458 1138 641 1180 accipitrem
657 1147 665 1174 ς

189 1194 414 1238 Iacturamque
446 1206 553 1238 passus
584 1194 688 1233 cadit,
722 1205 794 1226 narn
824 1194 898 1226 laeti
930 1206 992 1227 non
1023 1203 1151 1228 manent
1181 1196 1210 1228 ei
1243 1196 1331 1235 dies,
1368 1210 1425 1231 nec
1459 1200 1594 1243 amplius
1625 1200 1817 1233 exhilaratur

232 1253 361 1297 optimis
382 1253 476 1284 rebus
496 1264 571 1296 quas
591 1253 685 1284 ass'ore
709 1253 738 1284 ei
767 1253 978 1295 significatum
999 1259 1076 1285 erat.

187 1312 261 1343 Post
292 1311 492 1343 intervallum
523 1318 641 1354 septem
667 1310 789 1342 dierum
818 1311 872 1353 qui
907 1317 1095 1342 evanescunt
1121 1310 1217 1343 veluti
1242 1313 1362 1343 somnia
1390 1331 1435 1338 —
1465 1321 1496 1346 et
1517 1326 1579 1346 non
1611 1316 1745 1359 amplius
1773 1316 1813 1348 ad

231 1369 330 1401 Deum
352 1369 542 1401 adscendent
564 1368 673 1401 solitae
692 1369 750 1401 Dei
772 1368 897 1400 laudes!

186 1427 342 1471 Populum
373 1428 498 1459 invadet
522 1427 752 1465 infortunium,
785 1426 868 1470 quod
895 1425 1007 1470 repelli
1036 1438 1099 1459 non
1130 1434 1253 1471 potest:
1291 1430 1407 1461 etenim
1432 1429 1495 1462 fata
1515 1441 1531 1463 a
1555 1430 1622 1464 Deo
1641 1433 1813 1465 constituta

229 1485 339 1528 repelli
363 1497 425 1517 non
448 1486 600 1529 possunt!

185 1542 341 1575 Similiter
363 1549 509 1575 narratur
537 1544 640 1575 virum
673 1541 849 1586 quendam,
873 1548 944 1586 post
967 1553 1061 1586 grave
1083 1541 1210 1576 illorum
1235 1544 1447 1577 infortunium
1463 1569 1471 1584 ,
1506 1546 1538 1577 in
1564 1557 1672 1580 somno
1694 1548 1810 1582 vidisse

139 1601 243 1632 virum
268 1602 323 1644 qui
347 1601 535 1633 adscendere
557 1601 721 1633 videbatur
751 1600 959 1644 [suggestum]
984 1601 1090 1644 magni
1122 1591 1234 1646 templi
1262 1602 1494 1643 cordobensis,
1522 1610 1554 1636 et
1584 1617 1614 1637 se
1638 1606 1676 1638 ad
1705 1606 1811 1639 homi-

137 1669 191 1690 nes
215 1665 398 1691 convertere
414 1683 422 1698 ,
449 1659 503 1690 hos
532 1660 635 1691 versus
659 1660 696 1690 iis
721 1660 874 1692 recitans:

181 1718 280 1758 Quam
302 1729 392 1760 saepe
421 1718 479 1749 iter
500 1717 685 1750 facientium
708 1725 850 1750 catervae
871 1717 1079 1761 procumbere
1100 1717 1243 1751 fecerunt
1272 1719 1407 1751 camelos
1422 1744 1431 1758 ,
1450 1719 1525 1754 dum
1554 1732 1674 1755 summa
1693 1734 1802 1756 eorum
1825 1731 1929 1770 p.308‚

224 1781 291 1807 erat
313 1776 412 1817 gloria
436 1777 581 1807 omnibus
603 1776 820 1819 praecellens!

180 1833 387 1876 Aliquamdiu
412 1834 538 1866 fortuna
562 1835 688 1866 adversa
710 1846 761 1866 eos
780 1846 843 1866 non
866 1834 1003 1866 allocuta
1025 1841 1088 1873 est,
1111 1833 1162 1867 sed
1190 1846 1242 1867 eos
1266 1835 1427 1879 alloquens
1443 1861 1451 1875 ‚
1473 1839 1656 1881 sanguineas
1677 1838 1802 1883 lachry-

223 1903 288 1922 mas
308 1892 468 1924 effundere
490 1893 577 1926 fecit.

178 1950 246 1992 Quo
277 1951 404 1988 audito,
440 1951 597 1994 perspexit
616 1950 875 1983 ·al-Mo=‘t'amidus
897 1951 982 1982 hunc
1014 1951 1160 1982 nuntium
1194 1961 1258 1983 esse
1283 1950 1321 1983 de
1343 1959 1469 1985 mortuo
1502 1965 1558 1986 suo
1587 1955 1744 1999 imperio,
1771 1963 1803 1989 et

133 2008 286 2040 indicium
309 2009 388 2040 bene
409 2010 439 2040 in
468 2009 521 2040 filo
543 2009 700 2041 ordinatos
723 2011 855 2041 uniones
880 2021 999 2053 sparsos
1021 2020 1098 2042 esse.
1148 2010 1234 2041 Tunc
1257 2009 1356 2043 dixit:

176 2067 237 2109 Qui
260 2067 350 2099 nobis
369 2067 501 2111 gloriam
521 2066 693 2107 adscribit,
720 2079 791 2100 vere
813 2068 891 2100 dicit
912 2074 942 2098 97
967 2073 1048 2101 caet.

135 2228 183 2265 94)
212 2229 282 2258 Haec
298 2230 387 2269 signif.
410 2230 455 2259 6³e
473 2231 577 2261 formae
600 2232 674 2261 verbi
695 2236 751 2283 δέ
775 2231 872 2261 Lexico
890 2230 1012 2262 addatur-i

131 2282 180 2318 95)
210 2284 365 2321 Sequuntur
383 2284 426 2313 hic
445 2288 498 2314 tres
516 2286 607 2314 versus
623 2296 690 2325 quos
705 2286 802 2315 Latine
822 2286 890 2315 verti
907 2296 987 2324 supra
1009 2297 1035 2325 p.
1050 2285 1116 2316 16⁷.

132 2348 181 2384 96)
212 2349 397 2379 Animadverte
413 2351 525 2380 sormam
548 2345 616 2398 §ju
638 2364 688 2392 pro
709 2347 812 2399 ojj'tn.

130 2401 180 2438 97)
211 2403 266 2432 Hos
283 2406 372 2432 versus
390 2404 477 2441 infra,
499 2406 527 2435 in
542 2406 625 2444 capite
639 2406 872 2438 ‘lbno-‘l-'Abbari
882 2429 889 2445 ,
910 2407 1005 2438 Laline
1025 2410 1135 2437 vertam.
