2053 2969
861 209 927 215 —-
981 191 1170 227 373—

217 291 263 321 Tu
291 287 441 320 aurifabri
470 287 677 318 instrumenta
710 291 824 316 tractas
854 283 982 328 digitis,
1008 285 1124 328 quibus
1154 292 1243 318 antea
1273 285 1466 325 liberalitas,
1497 285 1617 329 gladius
1641 295 1671 319 et
1701 288 1836 320 calamus

261 352 382 377 tantum
407 344 474 376 noti
501 348 602 375 erant.

216 403 289 434 Vidi
317 409 347 433 te
370 411 496 432 manum
520 406 606 431 tuam
641 404 675 430 ut
697 398 803 430 oscula
831 399 989 442 acciperet
1016 399 1264 443 expandentem,
1288 407 1319 433 et
1343 407 1418 433 tunc
1439 400 1484 433 rel
1506 401 1693 434 nobilissimi
1719 404 1776 434 riri
1794 410 1840 432 2⁴0

260 460 364 490 locum
382 457 414 488 in
437 467 500 499 quo
520 461 610 487 erant
634 454 858 499 relinquebant
883 463 917 489 ut
940 456 1025 489 illam
1046 457 1272 491 oscularentur.

216 515 242 548 Ο
267 514 427 546 aurifaber
445 537 453 550 ,
477 513 528 544 cui
541 519 630 544 antea
649 523 772 545 summa
790 513 925 557 dignitas
954 522 1112 558 tamquam
1136 521 1354 547 ornamentum
1374 514 1568 547 formabatur
1584 540 1591 553 ,
1619 522 1650 548 et
1671 517 1725 560 qui
1747 529 1838 561 oper-

260 579 308 604 tus
330 582 396 602 eras
414 569 499 602 iusto
521 570 632 603 ordine
651 570 803 614 disposito
826 574 959 604 ornatu!

215 628 346 672 Quando
372 628 475 660 ultimi
507 627 619 658 iudicii
650 627 701 660 die
726 627 803 660 tuba
832 629 1016 667 inflabitur,
1039 639 1102 661 non
1125 629 1225 660 maior
1254 628 1314 661 erit
1338 639 1433 672 pavor
1463 639 1556 672 quam
1580 641 1662 661 nune
1687 640 1784 673 quum
1809 637 1839 662 te

260 686 350 718 video
375 685 527 717 carbones
558 685 750 719 sufflantem.

214 743 411 781 voluissem,
436 754 533 787 quum
551 741 659 774 oculus
680 753 766 776 meus
787 748 817 776 te
839 743 898 775 hac
919 744 950 775 in
973 741 1155 774 conditione
1177 741 1318 780 videret,
1343 741 1507 774 voluissem
1533 743 1639 775 oculos
1664 755 1749 776 meos
1768 753 1840 777 ante

258 801 322 832 hoc
341 806 463 843 tempus
481 800 519 831 de
541 800 694 832 coecitate
716 807 841 844 questos
862 800 970 833 fuisse.

213 857 388 890 Nobilitate
408 863 437 890 te
458 869 520 890 non
541 858 676 901 privarit
696 858 836 901 Fortuna
852 883 860 896 ‚
887 858 1042 901 dignitate
1068 859 1121 891 tua
1145 857 1259 891 eximia
1282 863 1311 888 te
1331 857 1471 900 privam,
1492 867 1592 900 neque
1613 856 1764 890 diminuit
1785 870 1840 890 ne·

258 915 352 947 bilem
373 921 457 946 tuam
480 915 632 948 indolem.

213 973 357 1007 Scintilla
387 973 418 1004 in
439 972 606 1004 nobilitate
626 978 786 1015 tamquam
808 972 896 1004 stella
914 997 922 1011 ,
952 973 977 1005 si
1009 980 1169 1017 tamquam
1194 973 1266 1005 luna
1288 970 1461 1004 scintillare
1481 983 1542 1004 non
1564 978 1673 1015 potes,
1703 980 1734 1004 et
1755 974 1786 1004 in
1806 975 1842 1005 εἰι

257 1031 345 1062 collis
367 1031 464 1062 instar
486 1036 567 1067 stes,
598 1030 622 1060 si
653 1030 768 1061 montis
790 1030 888 1061 instar
908 1037 989 1063 stare
1014 1043 1076 1063 non
1100 1038 1187 1075 potes
1210 1035 1267 1060 24¹·

216 1090 339 1121 Patiens
362 1089 423 1126 sis,
449 1098 519 1118 nain
546 1098 637 1130 saepe
669 1088 712 1118 ita
737 1099 784 1120 res
808 1089 957 1121 eveniunt
982 1096 1017 1121 ut
1044 1097 1190 1121 eventum
1213 1086 1340 1125 laude-33
1367 1088 1414 1126 is,
1441 1088 1495 1132 qui
1520 1093 1700 1120 constanter
1721 1087 1841 1130 patiens

257 1153 302 1178 est
318 1170 325 1182 ,
348 1144 494 1176 laudatur
510 1168 518 1181 ‚
540 1150 571 1175 et
596 1155 665 1175 raro
688 1151 721 1176 ut
743 1157 866 1188 semper
885 1147 1008 1189 patiens
1029 1147 1069 1178 sit
1087 1171 1094 1184 ,
1115 1146 1241 1189 cogitur
1256 1152 1315 1178 242.

214 1203 272 1234 Pei·
292 1203 416 1234 Deum!
451 1201 476 1231 si
499 1201 598 1232 iustae
622 1212 693 1243 erga
717 1208 746 1233 te
771 1202 902 1235 fuissent
926 1204 1055 1242 stellae,
1076 1203 1208 1247 eclipsin
1231 1213 1337 1247 passae
1367 1202 1521 1241 fuissent,
1549 1209 1579 1235 et
1603 1203 1628 1234 si
1659 1202 1751 1235 fidem
1777 1203 1834 1234 tibi
1858 1208 1961 1245 p.2322.

259 1264 431 1291 servassent
452 1258 633 1301 lachrymae
659 1259 772 1295 nubis,
795 1271 827 1292 se
848 1260 1049 1299 effudissent,

215 1321 254 1352 Et
283 1319 313 1350 id
337 1317 421 1362 quod
442 1317 502 1349 tibi
522 1317 636 1348 accidit
657 1318 705 1349 vel
724 1318 761 1349 ad
785 1319 893 1350 fletum
918 1318 1072 1362 adegisset
1094 1319 1223 1352 uniones
1237 1344 1244 1357 ‚
1268 1317 1526 1363 quandoquidem
1547 1318 1664 1351 similes
1685 1325 1757 1351 sunt
1779 1319 1837 1352 tibi

259 1383 350 1421 gente
371 1384 403 1409 et
423 1375 525 1408 verbis
541 1398 551 1414 ‚
572 1375 694 1419 tibique
715 1376 832 1409 ridenti
854 1383 911 1410 243.

1183 1526 1270 1574 ΟΠ.)
1290 1535 1336 1563 pr.
1354 1528 1391 1553 est
1411 1525 1518 1562 officina
1537 1525 1725 1555 adversitatis.

257 1532 299 1556 es,
324 1522 368 1550 ubi
382 1521 414 1550 de
429 1524 565 1563 principe,
589 1534 642 1554 non
662 1524 694 1553 de
712 1528 825 1564 torque,
847 1535 936 1554 sermo
951 1530 998 1555 est.
1018 1543 1057 1547 -—
1079 1528 1158 1574 ,κἐλέἑ

169 1603 237 1639 239)
257 1614 272 1630 υ
285 1604 332 1632 See
351 1613 389 1632 av*-
403 1609 515 1634 account
532 1606 561 1634 of
574 1605 624 1635 this
642 1604 763 1635 sabulous
782 1606 832 1643 city
852 1606 880 1634 in
903 1605 1000 1635 Lane's
1018 1607 1172 1636 translation
1193 1608 1222 1636 οἱ
1233 1607 1275 1635 the
1296 1606 1413 1635 Arabian
1433 1605 1527 1645 ,Nights
1539 1626 1546 1640 ‚
1570 1604 1628 1634 vol.
1646 1604 1684 1635 II.
1707 1616 1733 1645 p.
1751 1605 1837 1636 342⁰

260 1657 301 1686 De
322 1658 408 1687 Slane.

167 1710 236 1747 2⁷10)
256 1711 368 1749 Proprie
388 1712 518 1742 Pleiades
533 1735 540 1749 ‚
564 1718 589 1743 et
607 1715 680 1753 quasi
698 1714 730 1743 de
753 1714 791 1743 his
811 1714 967 1752 loqueretur
986 1717 1060 1752 poeta
1077 1714 1162 1743 Nobil.
1183 1713 1216 1743 de
1233 1713 1310 1742 Slane
1327 1723 1433 1742 versum
1450 1713 1557 1750 accepit.
1600 1713 1656 1750 Ego
1675 1712 1754 1741 credo
1775 1717 1837 1750 poe-

259 1767 312 1793 tam
338 1765 382 1794 hic
408 1767 561 1804 metaphora
589 1768 629 1796 uti
654 1771 678 1796 et
699 1767 782 1796 velle:
811 1768 994 1796 nobilissimos
1018 1768 1091 1795 viros
1119 1766 1282 1795 l'leiadibus
1304 1765 1421 1799 similes,
1443 1765 1565 1802 inprimis
1591 1767 1699 1803 propter
1723 1765 1837 1793 verbum

258 1823 353 1872 §abizai
367 1854 374 1866 ,
397 1833 468 1871 quod
493 1834 624 1873 significat
653 1834 738 1863 locum
757 1844 833 1862 suum
855 1833 985 1874 reliquit,
1008 1844 1036 1862 se
1055 1833 1168 1869 exlulit,
1191 1843 1266 1868 uon,
1285 1835 1417 1871 quantum
1440 1832 1510 1864 scio,
1533 1836 1558 1859 to
1578 1832 1687 1870 aspt're,
1710 1835 1739 1859 ut
1759 1831 1838 1860 vertit

257 1885 290 1914 de
307 1885 392 1916 Slane.

167 1938 235 1973 2¹11)
254 1938 335 1966 Poeta
357 1939 384 1966 in
406 1937 455 1968 hoc
473 1950 550 1970 versu
572 1941 642 1971 idem
662 1942 719 1970 vult
739 1944 817 1980 atque
840 1943 868 1972 in
888 1942 1074 1981 praecedenti,
1097 1951 1210 1979 nempe:
1233 1940 1295 1968 licet
1318 1949 1369 1967 non
1389 1937 1504 1977 amplius
1523 1939 1572 1967 1κᾶ
1596 1939 1729 1977 diqnitate
1748 1939 1838 1976 frua·

258 1993 316 2027 ris,
334 1991 434 2021 nobilis
454 1999 540 2022 tamen
558 2005 586 2022 es
606 1996 752 2024 virtutibus
772 1997 836 2024 luis.

167 2045 236 2081 242)
255 2045 278 2074 I.
291 2056 314 2075 e.
333 2046 394 2075 felix
415 2051 524 2077 eventus
545 2059 606 2078 eum
625 2049 722 2078 laetum
745 2050 840 2080 reddit.

166 2099 235 2135 243)
255 2098 352 2129 Innuit
368 2099 414 2129 hic
432 2105 507 2139 poe'ta
526 2105 626 2132 tantam
641 2103 844 2133 similitudinem
865 2114 919 2133 esse
938 2104 1008 2133 inter
1023 2103 1170 2142 principem
1190 2104 1214 2130 et
1235 2100 1360 2133 uniones.
1385 2102 1414 2128 ut
1434 2098 1460 2127 hi
1482 2101 1591 2136 propter
1607 2098 1679 2133 eius,
1699 2100 1835 2136 tamquam

254 2153 358 2188 fratris,
376 2154 577 2191 infortunium,
595 2156 660 2185 flere
676 2157 836 2187 debuissent.
878 2158 1021 2187 Caeterum
1040 2155 1184 2185 rectissime
1200 2155 1232 2183 de
1254 2154 1346 2183 Slane:
1381 2165 1395 2181 υ
1410 2152 1465 2181 The
1483 2156 1543 2190 poet
1561 2151 1624 2180 here
1646 2152 1770 2181 indicates
1791 2151 1836 2180 the

258 2218 273 2235 τ)
286 2208 373 2245 points
393 2208 421 2236 in
439 2208 525 2237 which
543 2209 587 2238 the
606 2220 697 2250 young
718 2211 812 2250 prince
832 2211 978 2240 resembled
1001 2210 1102 2249 pearls3
1122 2210 1194 2242 first,
1219 2208 1252 2245 hy
1272 2208 1311 2235 his
1334 2207 1440 2243 family,
1461 2205 1521 2234 who
1542 2216 1612 2234 were
1635 2205 1677 2234 the
1698 2205 1782 2243 pearls
1807 2205 1839 2233 of

259 2260 329 2289 ΗΜ
349 2271 414 2299 ³323
435 2262 574 2300 secondly.
596 2264 631 2301 by
657 2264 700 2293 the
721 2264 843 2304 elegance
867 2265 900 2294 of
918 2265 958 2293 his
982 2264 1134 2297 discourse,
1163 2263 1205 2291 the
1231 2262 1391 2299 expressions
1415 2259 1448 2288 he
1473 2259 1549 2288 made
1571 2270 1615 2288 use
1637 2260 1668 2287 of
1690 2260 1768 2298 being
1792 2259 1836 2288 the

259 2324 274 2341 xv
286 2313 370 2351 pearls
385 2314 417 2342 of
430 2315 474 2345 the
493 2316 642 2357 language5
658 2318 711 2349 and
732 2319 846 2357 thir-aly.
865 2319 899 2357 by
918 2319 959 2349 his
976 2318 1062 2354 teeth,
1085 2316 1171 2346 which
1185 2314 1332 2355 appeared,
1354 2314 1431 2344 when
1449 2313 1483 2343 he
1499 2313 1592 2343 smiled
1603 2335 1610 2348 ‚
1629 2313 1681 2343 like
1701 2317 1751 2342 two
1768 2323 1837 2343 rows

257 2376 271 2394 n
285 2366 318 2394 of
332 2366 447 2404 pearls.‘’
