2053 2969
863 156 934 167 ——
983 137 1184 177 424—-

603 466 900 505 ADDENDA
944 473 1000 504 ET
1046 466 1454 505 EMENDANDA.

193 613 254 653 Pag.
271 613 289 644 8
311 623 374 643 ann.
389 611 459 651 (25).
501 609 566 641 Post
585 609 666 639 verba
688 620 703 638 »
717 619 780 638 cum
794 608 913 645 fim'tore
929 608 1136 647 c01nparatur,”
1156 608 1222 639 adde
1239 610 1267 639 in
1289 610 1452 650 parenthesi:
1474 610 1506 640 cf.
1526 609 1596 639 infra
1613 619 1638 648 p.
1652 608 1689 640 46
1709 620 1745 639 vs.
1760 610 1803 639 tO.

215 707 231 725 n
275 707 290 724 2>
336 707 350 723 ›>
389 693 461 732 (29).
505 693 605 722 Arabes
625 692 655 720 in
676 690 808 720 similibus
826 689 966 728 phrasibus
984 688 1108 728 supplent
1126 671 1211 740 ’Ξᾷξς
1228 691 1286 720 vide
1305 691 1338 721 de
1352 692 1419 730 Sacy
1439 691 1560 722 Gramm.
1577 691 1665 720 Arab.
1682 691 1722 720 II.
1743 702 1768 729 p.
1779 690 1845 720 473.

214 788 230 806 ι)
267 777 392 807 10-22,
433 776 527 805 Totam
555 775 624 804 hanc
644 772 682 810 dej
703 772 789 801 tribus
811 772 898 811 operis
918 770 1097 806 ἀῖ-,ΙΙΙαίηιαζι
1120 771 1280 802 editionibus
1299 773 1502 811 disputationem
1521 784 1605 813 quum
1628 773 1789 805 scriberem,
1812 773 1865 810 ipse

276 832 402 860 Codicem
414 830 613 860 Londinensem
634 838 687 856 non
706 826 835 855 videram.
878 825 995 854 Londini
1011 828 1099 864 postea
1113 825 1210 864 degens
1227 826 1299 855 hunc
1320 837 1373 856 nou
1394 828 1494 866 inspexi
1513 831 1635 863 tantum,
1655 827 1700 856 sed
1722 836 1783 855 cum
1804 836 1869 865 apo-

277 884 378 924 grapho
399 894 459 912 meo
479 883 584 911 Codicis
605 880 797 918 Petropolitani
821 879 962 918 diligenter
986 879 1102 914 contuli,
1122 879 1208 907 varias
1226 882 1334 908 enotans
1352 880 1485 909 lectiones.
1537 881 1596 918 Quo
1613 879 1693 908 simul
1713 880 1810 908 sactum
1831 882 1870 907 est

280 942 309 966 ut
326 938 442 976 priorem
466 946 552 965 meam
577 935 729 973 opinionem
752 933 946 972 relinquerem,
967 935 992 961 et
1010 933 1063 961 iam
1080 943 1189 971 prorsus
1206 933 1283 962 aliter
1305 933 1338 963 de
1358 934 1511 973 quaestione
1528 937 1651 964 statuam.
1699 933 1749 962 Sed
1762 954 1769 968 ,
1795 936 1870 962 ante-

279 1002 361 1030 quam
381 1001 467 1020 meam
488 989 645 1019 sententiam
667 988 814 1022 declarem,
837 988 973 1026 sequentia
991 987 1166 1015 animadverti
1182 986 1269 1015 velim.

324 1046 356 1075 A.
398 1040 607 1083 'Ibn—Csiqfinem
625 1053 704 1080 opera
720 1052 767 1070 sua
783 1052 886 1079 semper
905 1044 1058 1069 retractasse
1076 1043 1177 1068 constat
1200 1039 1236 1067 10.
1255 1049 1286 1068 ex
1304 1039 1412 1068 diversis
1433 1040 1504 1068 inter
1520 1050 1547 1069 se
1563 1040 1662 1069 collatis
1680 1039 1872 1078 exemplaribus

282 1099 370 1137 operis
385 1097 577 1135 ·al-Qal(zyz'd,·
598 1096 686 1125 nullus
705 1096 776 1124 enim
796 1095 851 1123 fere
871 1094 976 1128 Codex,
1000 1092 1070 1132 quod
1089 1093 1121 1121 ad
1142 1091 1322 1121 redactionem
1343 1093 1449 1127 attinet,
1472 1103 1534 1122 cum
1556 1092 1638 1121 altero
1659 1094 1732 1122 omni
1751 1103 1780 1122 ex
1800 1096 1875 1131 parte

282 1153 430 1191 conspirat:
454 1152 495 1181 2³.
515 1160 545 1179 ex
563 1151 633 1179 inter
650 1159 676 1177 se
700 1148 798 1176 collatis
815 1147 912 1176 Codice
927 1148 1035 1185 Petrop.
1056 1151 1081 1175 et
1100 1146 1215 1175 Londin.
1239 1147 1325 1184 operis
1343 1146 1542 1180 -al-.7[atn1agz;
1562 1147 1646 1184 capita
1666 1150 1736 1175 enim
1755 1157 1821 1185 quae
1842 1147 1874 1176 P.

282 1207 374 1241 offert,
392 1205 568 1234 inveniuntur
583 1203 692 1242 quidem
712 1203 741 1231 iu
762 1202 794 1230 L.
806 1223 813 1237 ‚
830 1201 874 1230 sed
890 1201 1041 1238 saepissime
1055 1201 1145 1229 differt
1164 1199 1298 1235 redactio,
1320 1203 1345 1229 et
1362 1201 1438 1239 pauci
1458 1200 1508 1229 loci
1527 1201 1555 1229 in
1573 1200 1607 1230 L.
1620 1210 1673 1229 non
1692 1201 1878 1230 inveniuntur.

322 1261 355 1289 Β
398 1260 534 1298 Peiquam
570 1256 745 1296 improbabile
776 1265 849 1284 nunc
885 1255 952 1284 mihi
984 1254 1089 1283 videtur
1120 1257 1226 1292 praeter
1252 1254 1430 1288 ἀἵ-ΛΙαίηιαζι
1460 1265 1542 1293 quem
1571 1255 1763 1293 cognovimus,
1795 1254 1878 1283 alium

284 1318 351 1360 (kl
344 1313 411 1353 3535
441 1312 591 1347 bissmu-li)
615 1312 755 1339 inventum
784 1309 838 1343 irig
868 1309 966 1337 etenim
986 1308 1034 1336 ·al-
1020 1309 1177 1347 -Maqqaii,
1203 1308 1248 1336 ubi
1267 1308 1317 1336 ’al-
1320 1309 1494 1342 fllatmakum
1520 1309 1582 1337 citat
1603 1312 1700 1345 (toturn
1730 1309 1802 1337 enim
1822 1308 1881 1337 fere

281 1369 330 1396 ·7l-
334 1368 459 1396 Valmah
482 1367 509 1395 in
532 1366 632 1394 librum
651 1374 730 1392 suum
748 1363 912 1399 transtulit),
931 1373 1037 1400 semper
1056 1362 1133 1391 illum
1150 1361 1251 1392 librum
1272 1363 1336 1392 citat
1351 1362 1399 1402 qui
1416 1362 1570 1392 continetur
1587 1362 1684 1392 Codice
1703 1362 1753 1400 P.,
1775 1361 1880 1392 nullum

284 1433 349 1451 vero
367 1422 456 1450 locum
478 1421 524 1460 qui
547 1421 573 1449 in
593 1420 637 1448 illo
656 1417 722 1447 Cod.
743 1418 774 1446 P.
795 1427 849 1445 non
864 1417 1026 1446 inveniatur.

326 1476 357 1505 C.
398 1477 508 1504 Summa
532 1474 648 1512 denique
675 1471 904 1500 animadversione
925 1471 1037 1510 dignum
1056 1473 1110 1505 est,
1137 1470 1165 1499 in
1185 1470 1366 1505 ἀἶ-ῘΙῙαΐνηαζι
1394 1470 1559 1500 Londinensi
1584 1470 1656 1500 inter
1675 1480 1704 1500 se
1727 1471 1809 1500 mixta
1830 1481 1883 1500 esse

285 1530 371 1568 capita
395 1539 507 1568 operum
525 1527 704 1559 ἀῖ-Μαίηῑαζι
728 1529 754 1554 et
769 1524 956 1563 ‘al-Qalc‘iyz'cl.
1005 1525 1077 1562 Quae
1101 1525 1172 1553 enim
1196 1524 1281 1562 capita
1302 1524 1330 1553 in
1350 1525 1438 1554 fronte
1459 1535 1556 1554 nomen
1580 1525 1632 1554 viri
1655 1528 1754 1563 gerunt
1779 1524 1811 1553 de
1829 1534 1883 1564 quo

285 1583 375 1621 agitur
392 1583 419 1610 in
434 1580 623 1619 ·al—()al(1yid‚
646 1583 750 1608 tantum
771 1589 801 1607 ex
819 1577 1011 1615 ·al-()aleyid,
1035 1581 1060 1606 et
1083 1578 1190 1616 quidem
1209 1588 1263 1606 non
1284 1581 1386 1606 mutata
1405 1588 1454 1607 nec
1471 1578 1628 1616 amplificata
1648 1581 1689 1615 (ut
1706 1578 1795 1607 minus
1820 1587 1882 1606 vere

286 1637 353 1665 milii
373 1639 512 1664 narratum
534 1635 600 1670 erat)
613 1656 620 1668 ,
639 1633 760 1661 desumta
780 1635 850 1661 sunt.
893 1631 1021 1660 Similiter
1042 1632 1126 1670 capita
1146 1632 1173 1660 in
1194 1632 1344 1660 ·al-Matm.
1365 1632 1400 1660 L.
1419 1632 1583 1660 conveniunt
1603 1632 1635 1669 (si
1652 1642 1794 1670 perpaucos
1813 1631 1883 1660 locos

290 1691 400 1719 omissos
419 1689 541 1727 excipias)
558 1697 620 1716 cum
641 1687 770 1725 capitibus
784 1687 811 1714 in
824 1685 976 1713 ·al-Matm.
993 1685 1023 1713 P.
1066 1686 1167 1714 Primo
1186 1685 1256 1714 libro
1276 1686 1304 1714 in
1320 1686 1473 1715 ’al-stlatm.
1491 1687 1523 1715 L.
1544 1687 1685 1724 praemissa
1703 1688 1739 1714 est
1759 1685 1884 1723 praefatio

291 1744 407 1781 ·al-Qal.
424 1753 504 1782 quam
523 1742 551 1770 in
576 1740 709 1770 Oriental.
729 1740 809 1768 edidit
825 1740 954 1778 Weijers,
976 1739 1091 1767 secundo
1106 1739 1233 1777 praefatio
1245 1739 1398 1768 ·al-Matm.
1416 1750 1496 1779 quam
1513 1750 1560 1778 ego
1577 1740 1646 1768 edidi
1665 1749 1743 1777 supra
1761 1741 1799 1777 (p.
1814 1739 1874 1774 12).

336 1800 409 1836 Quae
431 1807 515 1836 quum
535 1796 569 1824 ita
592 1795 659 1828 sint,
678 1794 731 1822 iam
749 1797 822 1822 certo
841 1794 939 1821 certius
957 1793 1023 1821 mihi
1041 1797 1142 1821 constat
1160 1803 1217 1822 rem
1238 1794 1275 1822 sic
1293 1804 1319 1822 se
1338 1794 1451 1823 habere:
1468 1793 1645 1827 ml-stlatmag)
1656 1803 1764 1831 parvus
1783 1795 1820 1821 est
1834 1792 1884 1820 ‘al-

296 1852 422 1885 Mamm&
441 1850 548 1889 proprie
569 1849 606 1877 sic
625 1848 752 1877 dicendus
777 1851 803 1876 et
822 1847 975 1875 continetur
993 1847 1090 1875 Codice
1110 1847 1238 1885 Petrop.;
1259 1848 1411 1877 ·al-]}latm.
1430 1848 1535 1876 medius
1558 1848 1641 1886 capita
1662 1847 1779 1875 continet
1800 1847 1886 1884 operis

293 1907 341 1935 ¹¹al·
349 1905 472 1944 Qalayz‘d
490 1914 552 1932 cum
569 1902 698 1941 capitibus
719 1902 805 1940 operis
819 1900 868 1929 --al
874 1901 972 1929 Matm.
987 1901 1086 1934 mixta;
1105 1901 1178 1929 hunc
1199 1901 1337 1929 continent
1349 1901 1458 1930 Codices
1474 1901 1503 1930 A.
1526 1900 1660 1938 (Leidens.
1664 1900 1672 1936 )
1686 1903 1710 1928 et
1728 1900 1760 1928 C.
1774 1900 1883 1936 (Puris.)

294 1962 340 1999 qui
358 1961 448 1988 minus
464 1962 535 1986 lecte
555 1957 663 1985 titulum
685 1955 801 2002 ffltsixii
826 1955 917 1986 osus
933 1958 1045 1993 gerunt:
1065 1955 1174 1983 insciibi
1193 1955 1263 1983 enim
1282 1955 1459 1983 debuissent¹
1454 1954 1555 1996 :majoli
1577 1952 1712 2005 ἱκοῖ-ιῶἲς
1733 1953 1782 1981 ‘al-
1785 1954 1885 1984 ffilalm

296 2015 410 2052 denique
431 2022 544 2050 magnus
565 2011 642 2049 plura
663 2010 741 2038 etiam
761 2010 832 2037 inter
849 2019 875 2036 se
894 2009 976 2037 mixta
995 2009 1079 2046 capita
1096 2012 1153 2036 tum
1172 2018 1223 2037 ex·
1217 2007 1267 2035 ·-al
1273 2008 1331 2045 Qal.
1347 2018 1408 2035 cum
1429 2017 1458 2036 ex
1469 2007 1518 2034 ·al-
1520 2007 1621 2035 stlatm.
1637 2006 1771 2041 desumta,
1788 2008 1867 2037 offert

296 2072 321 2098 et
340 2071 474 2106 praeterea
498 2066 637 2103 utriusque
660 2063 722 2091 libri
745 2062 951 2100 praaiesitionem5
976 2063 1129 2090 continetur
1153 2062 1196 2090 hic
1217 2061 1314 2089 Codice
1335 2060 1506 2089 Londinensi.
1555 2060 1599 2088 Sic
1621 2061 1648 2088 in
1669 2061 1822 2089 universum
1845 2072 1887 2090 res

297 2132 352 2150 sese
373 2121 468 2151 habet,
495 2123 520 2148 et
540 2118 642 2158 singula
665 2118 717 2145 iam
744 2116 856 2144 minoris
877 2119 940 2144 sunt
966 2116 1110 2149 momenti,
1133 2114 1213 2143 veluti
1235 2114 1286 2142 tria
1310 2113 1353 2142 illa
1375 2113 1459 2151 capita
1484 2113 1517 2141 de
1542 2113 1640 2152 quibus
1659 2113 1712 2142 dixi
1731 2124 1757 2152 p.
1772 2114 1827 2147 22,
1847 2115 1888 2143 vel

298 2176 341 2203 hic
363 2179 407 2203 aut
426 2174 468 2202 ille
486 2174 557 2201 locus
575 2173 603 2200 in
626 2181 680 2200 uuo
696 2170 809 2198 alterove
824 2170 907 2207 capite
923 2169 1035 2197 additus.
1068 2169 1127 2206 Ipse
1145 2171 1238 2196 auctor
1248 2177 1353 2206 semper
1372 2176 1453 2206 opera
1469 2177 1534 2203 sua,
1549 2170 1578 2195 ut
1597 2167 1649 2196 iam
1667 2166 1737 2203 dixi,
1759 2170 1887 2197 retracta·

298 2230 359 2263 bat,
381 2227 484 2256 librarii
510 2236 616 2264 quoque
638 2225 732 2263 passim
756 2223 825 2260 (vide
845 2223 925 2258 infra)
948 2222 1047 2260 aliquid
1069 2221 1207 2250 addebant.

240 2294 255 2310 ν
290 2282 333 2309 12.
375 2282 408 2310 In
428 2280 595 2309 Praefatione
617 2277 804 2310 ·al--}lalmnlzi
836 2277 879 2304 hic
901 2276 968 2304 edita
999 2275 1089 2303 Codex
1110 2273 1289 2303 Londinensis
1317 2274 1466 2312 complures
1491 2275 1568 2303 offert
1599 2275 1683 2304 varias
1703 2275 1838 2307 lectiones,
1859 2276 1887 2305 in

299 2336 396 2376 quibus
424 2333 566 2364 nonnullae
582 2335 644 2360 sunt
669 2342 736 2370 quae
759 2331 891 2360 diversam
921 2329 1101 2359 redactionem
1124 2331 1250 2368 arguunt.
1301 2328 1348 2358 vs.
1366 2328 1392 2358 l.
1422 2328 1478 2358 Pro
1499 2328 1558 2360 La.)
1575 2330 1668 2377 5le
1690 2329 1719 2359 in
1736 2329 1887 2367 L.melius‚
