2053 2969
968 197 1277 235 —338—

336 295 483 329 Attamen
511 293 547 326 ad
582 300 739 326 certamen
762 293 925 337 profectus
944 303 1012 327 sum
1026 318 1035 332 ,
1056 293 1132 327 dum
1154 294 1241 327 nulla
1265 306 1314 328 res
1334 301 1459 339 praeter
1483 293 1620 327 tunicam
1652 293 1820 328 interulam
1842 301 1952 340 pectus

381 365 486 385 meum
512 355 540 396 (a
566 353 648 393 telis)
675 352 887 390 defendebat,

335 412 374 444 Et
393 422 512 443 summo
531 410 673 454 periculo
696 411 823 453 exposui
845 411 985 442 animum
1006 421 1111 443 meum
1125 435 1133 449 ‚
1159 416 1194 442 ut
1211 411 1373 450 efflueret,
1400 409 1476 442 dum
1493 410 1560 442 eius
1578 410 1694 443 virtute
1713 410 1827 444 bellica
1847 413 1953 457 nigri-

377 481 451 500 cans
475 469 640 511 (hostium)
667 469 791 511 sanguis
815 468 974 502 effluebat.

331 527 391 560 Sed
412 527 509 559 fatum
531 537 634 558 meum
653 533 825 558 extremum
846 532 1028 559 cunctatum
1049 533 1112 560 est:
1142 525 1333 559 desiderium
1351 537 1456 559 meum
1478 537 1540 559 non
1560 533 1627 560 erat
1646 534 1680 560 ut
1703 527 1772 560 vilis
1792 529 1902 562 fierem
1922 535 1956 562 et

374 597 425 617 me
448 585 665 616 submitterem
681 585 687 615 1

330 643 500 687 Nunquam
521 643 557 675 ad
582 649 739 674 certamen
762 643 922 686 profectus
945 654 1013 675 sum
1031 668 1039 682 ‚
1066 642 1140 675 inde
1163 642 1299 675 reditum
1325 654 1473 687 sperans:

330 702 414 734 Talis
437 709 504 734 erat
529 701 649 733 indoles
675 702 878 744 antiquorum
901 702 1041 734 Arabum
1070 713 1105 734 ex
1137 701 1253 745 quibus
1285 712 1341 744 ego
1371 707 1456 733 ortus
1484 712 1574 740 sum,
1600 707 1631 734 et
1652 701 1746 734 ramis
1770 707 1817 733 est
1840 709 1953 736 natura

375 759 501 792 radicis,

332 817 407 849 Eius
436 817 577 850 dictum:
602 829 771 861 nunquam
801 818 850 850 ad
869 823 1037 850 certamen
1051 819 1232 863 profectus
1259 829 1330 849 sum
1352 824 1431 850 caet.
1454 822 1500 849 est
1522 816 1623 850 simile
1642 816 1728 850 dicto
1748 817 1837 860 Qaisz'
1851 818 1954 852 ·ibno-

288 875 430 906 ’l-Catim
450 882 478 905 75
494 889 502 908 ,-

331 933 411 965 Mihi
446 935 477 966 in
503 946 592 966 saevo
612 934 643 965 76
666 934 750 966 bello
777 936 977 967 commissum
1008 942 1073 974 est,
1106 942 1141 968 ut
1171 934 1209 967 ad
1240 933 1390 966 audacem
1425 933 1585 977 impellam
1611 945 1786 977 aggressum
1813 933 1954 967 animum

373 1002 478 1024 meum
493 1017 500 1030 ‚
523 994 575 1025 cui
598 1000 633 1025 ut
655 1000 804 1037 parcatur
824 1005 885 1024 non
911 994 1018 1036 cupio.

335 1050 549 1091 lbn-Qo't‘aiba
569 1059 599 1081 77
634 1053 796 1094 sequentia
824 1057 928 1082 narrat
952 1051 999 1082 his
1027 1051 1152 1083 verbis:
1182 1050 1267 1081 Dixit
1291 1049 1511 1084 Abu-Dolama
1530 1050 1582 1082 78:
1621 1050 1714 1081 Eram
1747 1051 1777 1082 in
1811 1050 1952 1083 exercitu

284 1107 455 1139 Merwanz's
476 1109 759 1146 {bn-Mol-iamnmd
781 1110 818 1141 iis
837 1109 946 1141 diebus
970 1121 1067 1153 quum
1094 1115 1203 1140 contra
1224 1107 1376 1138 Sinanum
1395 1106 1651 1149 proficisceretur
1669 1112 1711 1138 79.
1759 1108 1862 1149 Quum
1884 1120 1953 1140 am..

282 1237 332 1273 75)

281 1411 330 1447 76)

361 1239 401 1266 De
424 1239 472 1267 hoc
494 1241 569 1277 poe'tzi
596 1240 629 1268 cf.
649 1240 820 1274 vallam&
840 1250 866 1278 p.
883 1239 920 1269 85
933 1262 939 1273 ,
962 1240 990 1268 in
1011 1249 1064 1278 quo
1085 1238 1154 1266 libro
1177 1237 1273 1275 passim
1300 1236 1356 1265 eius
1379 1238 1471 1266 versus
1492 1237 1617 1265 citantur.
1666 1237 1759 1266 Exstat
1779 1238 1834 1267 eius
1851 1238 1904 1267 vita
1925 1240 1954 1269 in

361 1293 471 1320 Kimbo
488 1292 612 1331 'laagauz
639 1295 675 1328 (v.
698 1294 773 1322 Doct.
795 1294 907 1322 Moeller
928 1293 1018 1322 catal.
1041 1293 1119 1322 Bibl.
1146 1293 1225 1322 Gollz.
1247 1302 1272 1331 p.
1292 1291 1367 1328 207,
1392 1291 1438 1321 ubi
1454 1301 1594 1330 perperam
1615 1290 1754 1342 βέλευς,
1777 1302 1839 1321 cum
1860 1317 1885 1348 ὃ
1904 1303 1955 1333 pro

360 1359 404 1399 ἑ,
427 1346 556 1384 scriptum
580 1348 638 1384 est).

360 1407 532 1441 At-Tibrizi:
555 1413 714 1460 ³3)L>‘x,<·dt.3
740 1405 812 1457 QZ)
828 1420 886 1458 >⁹2
911 1414 983 1461 3145
1010 1426 1095 1461 &5⁴²
1118 1428 1168 1463 U„
1190 1412 1343 1454 &QQQH
1367 1411 1501 1459 (yx-zdi-
1542 1412 1709 1442 Adiectivum
1732 1424 1831 1459 &gy-0
1851 1413 1953 1443 derivat

359 1467 449 1504 itaque
467 1476 481 1494 a
498 1466 578 1494 verbo
599 1478 684 1513 (fd-‘⁵⁰
705 1469 861 1496 interiorem
875 1474 988 1506 putenm
1010 1479 1087 1496 micro
1108 1469 1262 1503 instruxit,
1283 1472 1309 1497 et
1329 1468 1409 1496 vertit
1428 1466 1492 1495 illud
1508 1476 1602 1505 grave.
1654 1467 1721 1495 Satis
1740 1467 1817 1506 longe
1836 1469 1952 1507 quaesita

360 1520 426 1547 mihi
446 1520 551 1548 videtui·
571 1520 633 1548 haec
654 1521 825 1558 etymologia,
848 1524 873 1549 et
891 1521 1049 1549 adiectivum
1073 1533 1172 1567 αλλ)
1191 1522 1299 1560 proprie
1319 1521 1466 1550 mordacem
1485 1523 1510 1549 et
1534 1520 1596 1549 binc
1616 1530 1723 1548 saevum
1746 1520 1883 1559 designare
1900 1533 1952 1560 pu-

360 1575 403 1606 to,
427 1573 492 1601 illud
512 1573 633 1602 derivans
651 1584 665 1602 a
687 1574 769 1602 verbo
789 1585 874 1620 &⁴5⁸³
895 1575 1018 1603 dentibus
1038 1575 1185 1603 molaribus
1206 1576 1346 1604 momordit
1365 1576 1546 1611 veliementer,
1567 1574 1630 1602 hinc
1646 1575 1746 1603 saeviit
1763 1580 1787 1603 et
1807 1576 1878 1605 dura
1888 1578 1954 1614 fuit

364 1626 406 1661 (de
426 1627 562 1664 sortunix);
585 1628 616 1656 cf.
634 1627 760 1656 Lexicon.

284 1678 333 1712 77)
365 1679 488 1715 Quaestio
511 1682 599 1709 oritur
618 1692 649 1710 ex
667 1691 779 1720 quonam
798 1680 1004 1718 ‘Ibn-Qo't‘aibae
1022 1682 1092 1711 libro
1111 1684 1248 1722 sequentia
1267 1683 1388 1713 desumta
1407 1683 1468 1712 sint.
1518 1682 1645 1711 Nostrum
1667 1681 1792 1711 Codicem
1818 1683 1872 1712 eius
1892 1683 1953 1712 libri

360 1734 470 1762 ffr'tabo
489 1734 641 1768 'l-ma-firis
658 1734 778 1763 evolvere
800 1745 854 1763 non
876 1746 1000 1773 possum,
1023 1747 1103 1771 nam,
1126 1737 1286 1766 Doctissimo
1307 1737 1435 1767 Moetlero
1454 1736 1654 1771 commodatus,
1679 1736 1781 1764 Gothae
1802 1740 1847 1765 est.
1899 1737 1953 1766 Nec

363 1790 451 1816 tamen
473 1787 534 1816 inde
558 1792 680 1816 nostrum
700 1789 786 1817 locum
808 1789 959 1818 desumtum
982 1801 1035 1819 esse
1052 1791 1186 1830 suspicor,
1209 1791 1253 1820 sed
1272 1802 1302 1820 ex
1322 1792 1415 1829 ‘'Oji'mo
1435 1791 1575 1826 ’Ζ-ἀὲὂᾶν,
1597 1789 1629 1818 de
1650 1799 1703 1828 quo
1720 1790 1790 1818 libro
1811 1790 1868 1819 vide
1887 1801 1953 1829 quae

359 1842 466 1869 monuit
480 1842 566 1870 Nobil.
585 1842 617 1870 de
636 1843 715 1870 Slane
735 1843 761 1871 in
781 1844 901 1871 versione
922 1844 1031 1883 Anglicii
1047 1840 1270 1874 'Ibn—Callicanz's
1290 1846 1326 1874 II.
1346 1856 1370 1883 p.
1389 1845 1427 1873 24
1447 1855 1508 1874 ann.
1522 1844 1575 1882 (7).

360 1895 417 1922 Vita
437 1894 515 1923 huius
532 1896 583 1924 viri
606 1899 687 1924 exstat
706 1896 814 1935 quidem
829 1897 857 1924 in
872 1897 982 1925 lib'tizbo
999 1898 1123 1936 ’hagani
1135 1919 1142 1933 ‚
1165 1909 1194 1927 ex
1218 1909 1272 1937 quo
1292 1899 1361 1927 libro
1380 1908 1437 1927 eam
1459 1898 1539 1927 edidit
1559 1898 1591 1927 de
1608 1898 1671 1935 Sacy
1689 1898 1804 1926 Gramm.
1822 1896 1912 1925 Arab.
1928 1897 1953 1925 Ι.

360 1958 388 1986 p.
406 1948 524 1978 78—80
537 1971 543 1983 ,
569 1949 655 1978 addita
677 1951 797 1979 versione
819 1951 935 1985 Gallica,
957 1951 1001 1979 sed
1022 1962 1152 1989 perpauca
1168 1952 1230 1980 inde
1249 1952 1281 1981 ad
1300 1955 1421 1980 nostrum
1441 1952 1529 1980 locum
1551 1951 1738 1980 illustrandum
1759 1951 1813 1988 peti
1832 1953 1951 1988 possunt.

362 2002 434 2030 Vixit
451 2003 624 2040 regnantibus
648 2003 746 2031 ultimis
766 2004 932 2041 principibus
951 2014 980 2032 ex
997 2005 1202 2042 'Omaijaclammn
1221 2006 1302 2043 stirpe
1320 2009 1345 2034 et
1361 2006 1454 2043 primis
1470 2015 1500 2033 ex
1516 2005 1597 2042 stirpe
1611 2004 1815 2032 Abbasidamm.

361 2055 433 2083 Duae
462 2058 564 2092 priores
590 2067 657 2094 quae
687 2056 731 2085 liic
762 2061 909 2086 narrantur
935 2057 1058 2085 historiae
1091 2056 1247 2086 acciderunt
1274 2059 1319 2086 illo
1345 2062 1464 2096 tempore
1486 2068 1570 2095 quum
1591 2058 1644 2085 iam
1674 2055 1858 2084 labefactatum
1886 2059 1952 2084 esset

364 2108 567 2144 'Omaijarlarum
590 2110 617 2137 in
641 2110 750 2139 Oriente
772 2112 917 2148 imperium
929 2131 936 2145 ,
959 2114 984 2139 et
1003 2111 1031 2138 in
1048 2110 1102 2138 dies
1120 2115 1250 2139 cresceret
1268 2111 1462 2139 Abbasiclarnm
1480 2114 1599 2148 potestas.
1650 2110 1791 2148 Regnante
1811 2110 1904 2138 ultimo
1922 2120 1952 2139 ex

362 2158 515 2198 'Omaijazlis
535 2156 618 2194 Califa
641 2163 776 2192 Mei-wine
797 2163 1058 2197 ·ibn-Rloham1ned‚
1089 2164 1144 2191 »in
1171 2165 1264 2202 quovis
1294 2168 1379 2192 terrae
1400 2168 1486 2193 tractu
1511 2165 1577 2192 varii
1602 2164 1651 2192 viri
1675 2163 1829 2192 seditionem
1858 2173 1950 2192 move-

364 2223 379 2240 »
395 2213 496 2246 runt‚''
520 2217 550 2241 ut
575 2216 661 2243 verbis
683 2220 742 2244 utar
765 2218 963 2251 Mol-iammedi's
982 2216 1182 2245 -ibn-'Ibralhnu
1209 2218 1350 2254 (Razla‘no
1372 2217 1490 2245 'laalbab
1509 2218 1554 2246 sol.
1571 2217 1629 2246 208
1646 2220 1700 2254 v.),
1726 2221 1751 2246 et
1776 2217 1898 2255 inprimis
1921 2217 1950 2246 in

365 2260 497 2293 cerasane
522 2267 719 2303 'Abii-Moslim,
743 2273 772 2297 ut
796 2274 889 2299 notum
910 2275 964 2306 est,
986 2271 1144 2309 'Oinaijaclas
1165 2271 1192 2299 in
1220 2272 1352 2308 angustias
1372 2271 1516 2309 redigebat.
1569 2271 1645 2309 Apud
1667 2272 1752 2300 varios
1783 2271 1901 2299 Arabum
1923 2274 1950 2299 et

365 2318 508 2347 Persarum
529 2319 683 2356 historicos,
706 2333 771 2360 quos
791 2325 904 2363 perlegi,
933 2325 1034 2353 nullam
1058 2327 1145 2352 tamen
1169 2325 1332 2353 mentionem
1360 2323 1457 2353 factam
1489 2325 1577 2354 inveni
1611 2326 1642 2354 de
1675 2325 1839 2363 expeditione
1867 2334 1950 2363 quam

366 2366 454 2405 Califa
468 2372 585 2402 Merwan
605 2378 698 2404 contra
719 2376 844 2405 Sinz'inzmz
863 2378 1024 2416 suscepisset.
1067 2377 1221 2407 Secundum
1244 2382 1381 2408 auctorem
1399 2374 1568 2413 'al-Cariclge
1592 2379 1660 2417 (vide
1675 2379 1707 2408 ad
1729 2383 1830 2410 textum
1851 2377 1946 2418 p.305
