2053 2969
866 180 1196 220 —180—

197 286 303 317 miret.
350 283 474 315 Invenit
492 281 597 325 itaque
611 279 693 310 fitius
714 284 835 322 patrem
856 285 1046 321 prostratum
1069 278 1099 309 in
1120 275 1317 309 eruditorum
1339 275 1476 307 concilio
1490 274 1518 299 2²3
1534 300 1541 314 ‚
1559 282 1750 319 prostratum
1766 289 1865 322 quum

74 357 97 384 pl
113 346 174 374 171.
197 344 341 375 ultimam
373 340 525 372 curriculi
555 345 669 370 metam
695 336 848 379 attigisset
869 343 911 368 29.
962 337 1050 368 Tunc
1082 335 1222 367 constitit
1245 345 1262 365 e
1289 335 1416 377 regione
1438 335 1504 366 eius
1520 359 1528 372 ,
1561 340 1741 377 exspectans
1765 335 1866 368 donec

198 401 392 443 evigilasset,
428 405 459 430 et
492 399 611 429 interea
644 395 821 438 composuit
850 405 975 426 carmen
1007 400 1072 425 arte
1107 392 1311 435 conspicuum
1337 398 1367 423 et
1403 393 1730 436 praestantissimum,
1762 394 1869 437 quod,

199 473 295 506 quum
318 468 405 504 pater
431 455 667 499 expergefactus
694 459 794 490 esset,
825 453 986 484 recitavit:

243 521 311 552 Hoc,
335 517 483 560 temporis
506 519 665 545 momento
688 511 753 555 spei
778 510 860 542 redit
886 512 946 541 vita
961 534 968 548 ,
992 517 1021 541 et
1042 521 1108 540 mm
1134 519 1187 539 cor
1212 514 1372 549 aegrotum
1395 507 1580 545 sanabitur;

244 579 363 610 Iterum
387 574 510 606 frondes
532 571 649 602 emittit
671 570 790 613 gloriae
813 579 935 606 ramus,
958 569 1012 611 qui
1035 566 1192 598 marcidus
1214 566 1313 596 sactus
1338 573 1424 603 erat3
1447 567 1560 597 iterum
1585 567 1685 598 oritur
1712 567 1872 599 felicitatis

290 634 377 667 stella
392 659 399 671 ,
425 643 504 676 quae
525 629 686 662 occiderat
704 638 711 665 ;

244 694 322 726 Nam
344 692 557 736 promiserunt
579 687 657 719 mihi
685 685 922 717 benevolentiae
947 683 1046 715 nubes
1069 682 1201 714 imbrem
1216 706 1224 720 ‚
1247 692 1284 713 eo
1306 682 1456 725 temporis
1475 689 1636 714 momento
1661 695 1724 726 quo
1746 691 1871 716 tenuem

291 751 429 795 pluviam
455 749 612 792 copiosam
637 744 823 777 emittebant
842 749 884 773 30.

249 810 274 843 0
297 821 349 842 rex
368 816 414 845 3¹,
441 807 530 838 cuius
560 807 676 837 iussum
707 801 859 844 obsequio
883 799 1062 842 excipitur,
1094 799 1134 830 ita
1171 805 1204 830 ut
1232 798 1402 830 honoratus
1435 800 1474 831 sit
1505 800 1529 831 ies
1557 811 1650 843 quem
1682 799 1871 833 honoratum

290 869 355 905 vis,
379 873 521 909 atquem
543 864 590 895 vis
613 862 707 893 vilem
735 861 774 891 sit
800 859 869 890 vilis
884 860 893 889 l*

251 925 447 958 Arcessivisti
469 934 538 955 me:
566 928 641 953 tunc
666 919 771 950 volans
790 916 917 948 addunt
941 915 1089 958 gaudium
1111 926 1163 946 cor
1185 926 1288 946 meum
1311 915 1347 946 ad
1375 922 1427 953 te,
1453 915 1526 946 licet
1546 922 1575 946 te
1595 916 1736 947 timerem
1755 940 1761 953 ‚

247 983 354 1015 Veluti
380 989 409 1013 te
432 982 535 1013 volare
563 980 637 1011 facit
656 985 686 1007 32
707 987 794 1008 amor
822 974 896 1005 belli
917 973 954 1005 ad
979 973 1056 1004 illud
1076 982 1126 1011 33,
1152 974 1226 1004 licet
1251 975 1281 1004 in
1307 984 1344 1004 eo
1372 973 1434 1004 sint
1456 972 1632 1016 gladiorum
1656 975 1867 1006 extremitates

291 1048 321 1073 et
339 1040 495 1083 cuspides.

248 1100 333 1141 [Non
350 1111 421 1131 vero
433 1095 614 1140 (timebam)
629 1094 700 1137 quia
723 1099 755 1124 tu
776 1090 872 1122 durus
888 1100 919 1121 es
936 1088 1031 1120 corde
1044 1113 1053 1127 ‚
1068 1088 1119 1120 sed
1135 1089 1208 1131 quia
1223 1099 1325 1120 meum
1341 1094 1505 1132 peccatum
1522 1099 1613 1131 grave
1631 1089 1706 1133 quid
1727 1096 1755 1119 34
1773 1091 1869 1133 erat}

204 1248 253 1283 28)
282 1247 321 1275 De
340 1256 402 1275 voce
423 1252 543 1288 &m
565 1244 597 1271 cs.
619 1251 698 1279 supra
717 1251 743 1279 p.
760 1238 798 1268 96
819 1248 882 1267 ann.
900 1236 992 1274 (124).

204 1302 253 1337 29)
283 1301 396 1338 Nempe:
418 1300 444 1328 in
463 1299 525 1326 vino
545 1295 666 1325 bibendo.

204 1355 253 1391 30)
283 1354 346 1382 vult
362 1357 453 1391 poeta:
475 1362 517 1380 rue
537 1348 692 1379 arcessendo
714 1348 768 1376 iam
791 1345 988 1375 benevolentiae
1005 1353 1066 1383 erga
1085 1352 1128 1372 me
1145 1342 1327 1372 testimonium
1347 1341 1460 1379 dedisti,
1481 1347 1505 1373 et
1525 1344 1584 1374 iure
1600 1345 1677 1384 plura
1698 1352 1824 1386 exspecto.

203 1409 253 1446 31)
280 1408 399 1437 Arabum
418 1404 585 1446 grammatici
603 1402 683 1442 vulgo
704 1401 797 1430 iubent
818 1404 848 1428 ut
870 1399 1035 1428 accusativus
1055 1400 1183 1437 sequatur
1203 1397 1359 1435 particulam
1382 1397 1417 1428 l...
1438 1397 1544 1435 quando
1563 1398 1607 1427 ille
1626 1409 1705 1438 quern
1729 1402 1870 1441 alloqueris

281 1472 336 1491 non
355 1470 477 1500 praesens
495 1462 549 1488 est:
572 1457 605 1486 cf.
626 1466 693 1495 quae
712 1465 793 1493 supra
810 1453 934 1482 annotavi
952 1462 980 1491 p.
999 1452 1036 1480 95
1053 1461 1116 1480 ann.
1131 1449 1221 1489 (117).
1262 1450 1314 1480 Hic
1332 1454 1420 1480 autern
1440 1454 1515 1489 po‘e'ta
1533 1456 1591 1491 post
1606 1454 1726 1483 voculam
1744 1455 1768 1486 L.
1790 1466 1871 1485 accu-

283 1516 364 1544 sativo
386 1516 487 1549 utitur,
509 1511 608 1541 etiamsi
628 1511 648 1538 is
665 1519 746 1549 quem
763 1508 908 1547 alloquitur
925 1516 1048 1545 praesens
1068 1506 1118 1538 sit;
1140 1504 1301 1534 alterutrum
1318 1505 1406 1544 itaque
1423 1505 1593 1534 statuendum
1612 1510 1664 1542 est,
1687 1489 1798 1547 nempe,
1817 1510 1872 1539 sive

283 1569 355 1598 illam
374 1568 493 1607 regulam
512 1565 582 1595 haud
608 1565 644 1593 ita
663 1563 753 1591 stricte
772 1561 852 1590 fuisse
872 1560 1051 1595 observatam,
1078 1559 1132 1588 sive
1152 1562 1258 1598 poetam
1283 1558 1328 1588 hic
1347 1562 1435 1589 metro
1455 1559 1536 1589 fuisse
1557 1560 1699 1590 inductum
1726 1571 1760 1591 ne
1778 1573 1870 1602 gram-

284 1623 394 1651 maticae
412 1621 463 1660 legi
484 1619 612 1649 obediret.

287 1676 334 1704 10²
350 1676 436 1703 forma
454 1674 527 1702 verbi
540 1671 599 1722 )U:›
619 1671 663 1699 hic
680 1670 696 1698 i.
710 1680 737 1708 q.
760 1668 789 1698 4³
806 1668 947 1707 exprimit,
970 1677 1065 1706 nempe
1084 1666 1212 1696 volantem
1232 1667 1368 1703 reddidit,
1387 1667 1458 1707 quod
1480 1668 1580 1697 Lexico
1595 1668 1753 1698 addendum,

228 1677 242 1704 10

248 1678 255 1713 ω

284 1743 383 1780 Nempe
402 1741 434 1770 ad
454 1740 569 1772 bellum:
590 1737 785 1767 substantivum
805 1727 874 1784 ἑὲ
896 1735 940 1763 hic
957 1735 1080 1763 seminini
1099 1738 1137 1763 est
1156 1734 1277 1774 generis,
1299 1734 1372 1773 quod
1394 1735 1422 1764 in
1443 1735 1542 1764 Lexico
1562 1745 1615 1764 non
1637 1739 1792 1765 annotatum
1813 1740 1866 1773 est,

207 1744 223 1771 ω
207 1676 223 1703 ω

227 1743 254 1779 ἐξ

283 1810 327 1839 sed
348 1808 542 1838 observandum
559 1810 596 1836 est
617 1805 688 1835 aliud
707 1803 902 1834 substantivum
923 1812 977 1842 quo
997 1802 1076 1842 vulgo
1094 1802 1188 1830 bellum
1208 1801 1357 1838 indicatur,
1379 1812 1476 1842 nempe
1493 1791 1593 1849 ῳῑᾷ,
1613 1803 1771 1843 plerumque
1790 1805 1869 1833 semi-

290 1864 346 1893 nini
365 1873 417 1892 esse
432 1861 543 1902 generis.

207 1933 255 1968 34)
283 1931 372 1965 vides,
394 1929 564 1970 glossatorem
591 1927 775 1966 pronuntiasse
795 1918 887 1966 μᾷ,
907 1927 932 1953 et
956 1926 1060 1962 putasse
1083 1923 1132 1952 hoc
1161 1933 1211 1962 pro
1230 1923 1322 1964 μᾷ
1349 1932 1445 1961 magno
1464 1924 1581 1962 positum
1605 1933 1670 1953 esse.
1722 1924 1868 1954 Observare

284 2012 366 2041 debeo
387 2012 414 2041 in
431 2005 601 2043 ‘al-C'artdge
618 2008 716 2037 Codice
734 2006 875 2036 Parisiensi
891 2004 1121 2034 homoeoteleuton
1139 2004 1261 2032 omnium
1281 2012 1406 2032 versuum
1428 2003 1507 2032 huius
1528 2004 1654 2032 carminis
1674 2014 1728 2032 esse
1748 1993 1801 2040 5.,
1824 2005 1867 2032 sed

285 2093 342 2121 fieri
365 2101 418 2120 non
440 2094 524 2130 potest
545 2093 575 2119 ut.
594 2099 620 2118 v.
637 2099 660 2118 c.
681 2077 736 2129 §ut
751 2109 759 2123 ,
787 2075 852 2127 §.aa
873 2089 938 2115 caet.
959 2083 1180 2123 pronuntiemu55
1203 2083 1231 2112 in
1257 2083 1314 2111 solo
1334 2082 1429 2112 ultimo
1449 2092 1529 2112 versu
1548 2083 1725 2122 pronuntiare
1747 2084 1868 2112 debemus

285 2161 381 2214 ᾆςᾷ,
405 2175 430 2201 et
445 2172 533 2210 itaque
552 2170 610 2205 hic,
629 2179 661 2199 ex
681 2168 856 2198 metricorum
877 2165 996 2195 Arabum
1015 2164 1156 2203 opinione,
1177 2163 1304 2192 mendum
1327 2164 1460 2192 commisit
1476 2167 1565 2202 poeta,
1585 2173 1647 2192 nam
1669 2173 1722 2193 non
1739 2164 1868 2203 probatur

284 2252 306 2280 si
326 2252 392 2281 duae
410 2251 527 2280 diversae
546 2250 663 2285 vocales,
690 2252 752 2278 ante
776 2245 980 2277 homoeoteleuti
1005 2247 1210 2278 consonantem,
1237 2243 1407 2273 adhibentur.
1457 2244 1547 2282 Quum
1567 2248 1657 2273 autem
1683 2254 1737 2273 non
1763 2255 1866 2274 necesse

284 2319 337 2354 sit,
363 2322 392 2347 ut
419 2321 493 2357 poeta
513 2318 553 2347 bis
577 2317 627 2346 tale
652 2315 780 2346 mendum
803 2312 987 2348 commiserit,
1009 2322 1057 2352 ego
1079 2310 1137 2344 hic,
1167 2321 1222 2341 non
1249 2310 1337 2340 audita
1364 2310 1465 2351 glossa,
1497 2311 1668 2351 pronuntiavi
1689 2300 1762 2354 ζμᾷ
1780 2322 1867 2351 grave

284 2374 427 2412 negotium.
