<?xml version="1.0" encoding="UTF-8"?>
<!DOCTYPE html PUBLIC "-//W3C//DTD XHTML 1.0 Transitional//EN"
    "http://www.w3.org/TR/xhtml1/DTD/xhtml1-transitional.dtd">
<html xmlns="http://www.w3.org/1999/xhtml" xml:lang="en" lang="en">
 <head>
  <title>
</title>
<meta http-equiv="Content-Type" content="text/html;charset=utf-8" />
  <meta name='ocr-system' content='tesseract 3.04.00' />
  <meta name='ocr-capabilities' content='ocr_page ocr_carea ocr_par ocr_line ocrx_word'/>
</head>
<body>
  <div class='ocr_page' id='page_1' title='image "./historiaabbadida01dozyuoft_0342.png"; bbox 0 0 2053 2969; ppageno 0'>
   <div class='ocr_carea' id='block_1_1' title="bbox 912 173 1222 212">
    <p class='ocr_par' dir='ltr' id='par_1_1' title="bbox 912 173 1222 212">
     <span class='ocr_line' id='line_1_1' title="bbox 912 173 1222 212; baseline -0.003 0"><span class='ocrx_word' id='word_1_1' title='bbox 912 173 1222 212; x_wconf 79' lang='lat'>—280—</span> 
     </span>
    </p>
   </div>
   <div class='ocr_carea' id='block_1_2' title="bbox 240 265 1928 1591">
    <p class='ocr_par' dir='ltr' id='par_1_2' title="bbox 240 265 1928 1591">
     <span class='ocr_line' id='line_1_2' title="bbox 240 265 1909 314; baseline -0.006 -7"><span class='ocrx_word' id='word_1_2' title='bbox 240 275 309 307; x_wconf 89' lang='lat' dir='ltr'>lites</span> <span class='ocrx_word' id='word_1_3' title='bbox 338 271 519 308; x_wconf 76' lang='lat' dir='ltr'>&#39;Ibn-Nuhz&#39;</span> <span class='ocrx_word' id='word_1_4' title='bbox 540 276 570 303; x_wconf 84' lang='lat' dir='ltr'>et</span> <span class='ocrx_word' id='word_1_5' title='bbox 591 271 756 314; x_wconf 74' lang='lat' dir='ltr'>primarios</span> <span class='ocrx_word' id='word_1_6' title='bbox 783 270 849 303; x_wconf 83' lang='lat' dir='ltr'>eius</span> <span class='ocrx_word' id='word_1_7' title='bbox 878 270 960 302; x_wconf 69' lang='lat' dir='ltr'>viros</span> <span class='ocrx_word' id='word_1_8' title='bbox 986 277 1086 302; x_wconf 86' lang='lat' dir='ltr'>tantas</span> <span class='ocrx_word' id='word_1_9' title='bbox 1106 270 1282 313; x_wconf 78' lang='lat' dir='ltr'>exquisitae</span> <span class='ocrx_word' id='word_1_10' title='bbox 1310 268 1461 313; x_wconf 87' lang='lat' dir='ltr'>pecuniae</span> <span class='ocrx_word' id='word_1_11' title='bbox 1485 278 1640 304; x_wconf 89' lang='lat' dir='ltr'>summas,</span> <span class='ocrx_word' id='word_1_12' title='bbox 1666 273 1701 299; x_wconf 89' lang='lat' dir='ltr'>ut</span> <span class='ocrx_word' id='word_1_13' title='bbox 1725 265 1774 298; x_wconf 83' lang='lat' dir='ltr'>his</span> <span class='ocrx_word' id='word_1_14' title='bbox 1800 276 1909 299; x_wconf 82' lang='lat' dir='ltr'>eorum</span> 
     </span>
     <span class='ocr_line' id='line_1_3' title="bbox 240 325 1912 369; baseline -0.005 -5"><span class='ocrx_word' id='word_1_15' title='bbox 240 332 335 365; x_wconf 88' lang='lat' dir='ltr'>corda</span> <span class='ocrx_word' id='word_1_16' title='bbox 364 332 422 363; x_wconf 90' lang='lat' dir='ltr'>sibi</span> <span class='ocrx_word' id='word_1_17' title='bbox 451 330 654 367; x_wconf 80' lang='lat' dir='ltr'>conciliaret,</span> <span class='ocrx_word' id='word_1_18' title='bbox 678 335 708 360; x_wconf 86' lang='lat' dir='ltr'>et</span> <span class='ocrx_word' id='word_1_19' title='bbox 735 340 785 360; x_wconf 91' lang='lat' dir='ltr'>eos</span> <span class='ocrx_word' id='word_1_20' title='bbox 809 328 915 360; x_wconf 86' lang='lat' dir='ltr'>fideles</span> <span class='ocrx_word' id='word_1_21' title='bbox 936 327 997 360; x_wconf 86' lang='lat' dir='ltr'>sibi</span> <span class='ocrx_word' id='word_1_22' title='bbox 1023 327 1168 360; x_wconf 87' lang='lat' dir='ltr'>redderet</span> <span class='ocrx_word' id='word_1_23' title='bbox 1191 329 1308 360; x_wconf 89' lang='lat' dir='ltr'>amicos</span> <span class='ocrx_word' id='word_1_24' title='bbox 1333 334 1387 360; x_wconf 79' lang='lat'>¹20.</span> <span class='ocrx_word' id='word_1_25' title='bbox 1437 325 1559 358; x_wconf 86' lang='lat' dir='ltr'>Deinde</span> <span class='ocrx_word' id='word_1_26' title='bbox 1585 325 1744 369; x_wconf 83' lang='lat' dir='ltr'>profectus</span> <span class='ocrx_word' id='word_1_27' title='bbox 1764 330 1811 356; x_wconf 83' lang='lat' dir='ltr'>est</span> <span class='ocrx_word' id='word_1_28' title='bbox 1835 335 1912 355; x_wconf 88' lang='lat' dir='ltr'>con-</span> 
     </span>
     <span class='ocr_line' id='line_1_4' title="bbox 241 382 1910 430; baseline -0.007 -7"><span class='ocrx_word' id='word_1_29' title='bbox 241 399 288 422; x_wconf 83' lang='lat' dir='ltr'>tra</span> <span class='ocrx_word' id='word_1_30' title='bbox 309 388 567 429; x_wconf 67' lang='lat' dir='ltr'>&#39;lbn-·abi-Q0rra</span> <span class='ocrx_word' id='word_1_31' title='bbox 581 412 588 425; x_wconf 92' lang='lat'>,</span> <span class='ocrx_word' id='word_1_32' title='bbox 609 388 663 430; x_wconf 86' lang='lat' dir='ltr'>qui</span> <span class='ocrx_word' id='word_1_33' title='bbox 691 386 819 419; x_wconf 84' lang='lat' dir='ltr'>Rondae</span> <span class='ocrx_word' id='word_1_34' title='bbox 842 392 934 424; x_wconf 86' lang='lat' dir='ltr'>erat,</span> <span class='ocrx_word' id='word_1_35' title='bbox 962 396 1055 430; x_wconf 87' lang='lat' dir='ltr'>quem</span> <span class='ocrx_word' id='word_1_36' title='bbox 1077 385 1186 419; x_wconf 88' lang='lat' dir='ltr'>eodem</span> <span class='ocrx_word' id='word_1_37' title='bbox 1214 387 1308 418; x_wconf 89' lang='lat' dir='ltr'>modo</span> <span class='ocrx_word' id='word_1_38' title='bbox 1326 384 1518 418; x_wconf 83' lang='lat' dir='ltr'>vendibilem</span> <span class='ocrx_word' id='word_1_39' title='bbox 1540 384 1711 416; x_wconf 78' lang='lat' dir='ltr'>declaravit</span> <span class='ocrx_word' id='word_1_40' title='bbox 1738 390 1778 408; x_wconf 85' lang='lat'>¹21</span> <span class='ocrx_word' id='word_1_41' title='bbox 1807 389 1838 414; x_wconf 87' lang='lat' dir='ltr'>et</span> <span class='ocrx_word' id='word_1_42' title='bbox 1858 382 1910 413; x_wconf 85' lang='lat' dir='ltr'>cui</span> 
     </span>
     <span class='ocr_line' id='line_1_5' title="bbox 240 441 1910 484; baseline -0.002 -4"><span class='ocrx_word' id='word_1_43' title='bbox 240 448 375 480; x_wconf 88' lang='lat' dir='ltr'>eundem</span> <span class='ocrx_word' id='word_1_44' title='bbox 395 447 535 478; x_wconf 88' lang='lat' dir='ltr'>calceum</span> <span class='ocrx_word' id='word_1_45' title='bbox 562 445 664 477; x_wconf 89' lang='lat' dir='ltr'>induit</span> <span class='ocrx_word' id='word_1_46' title='bbox 691 467 1595 478; x_wconf 86' lang='grc'><strong>..........................</strong></span> <span class='ocrx_word' id='word_1_47' title='bbox 1621 450 1675 477; x_wconf 75' lang='lat'>¹22.</span> <span class='ocrx_word' id='word_1_48' title='bbox 1726 441 1860 484; x_wconf 66' lang='lat' dir='ltr'>Quidam</span> <span class='ocrx_word' id='word_1_49' title='bbox 1875 451 1910 471; x_wconf 69' lang='lat' dir='ltr'>ex</span> 
     </span>
     <span class='ocr_line' id='line_1_6' title="bbox 243 499 1912 545; baseline -0.004 -8"><span class='ocrx_word' id='word_1_50' title='bbox 243 517 351 538; x_wconf 85' lang='lat' dir='ltr'>eorum</span> <span class='ocrx_word' id='word_1_51' title='bbox 376 505 532 536; x_wconf 70' lang='lat' dir='ltr'>exercitiis</span> <span class='ocrx_word' id='word_1_52' title='bbox 554 503 687 535; x_wconf 88' lang='lat' dir='ltr'>ducibus</span> <span class='ocrx_word' id='word_1_53' title='bbox 720 502 871 534; x_wconf 77' lang='lat' dir='ltr'>indicavit</span> <span class='ocrx_word' id='word_1_54' title='bbox 901 513 932 533; x_wconf 86' lang='lat' dir='ltr'>se</span> <span class='ocrx_word' id='word_1_55' title='bbox 964 501 1043 533; x_wconf 88' lang='lat' dir='ltr'>bene</span> <span class='ocrx_word' id='word_1_56' title='bbox 1067 502 1183 533; x_wconf 86' lang='lat' dir='ltr'>sentire</span> <span class='ocrx_word' id='word_1_57' title='bbox 1211 501 1288 545; x_wconf 86' lang='lat' dir='ltr'>quid</span> <span class='ocrx_word' id='word_1_58' title='bbox 1314 502 1367 533; x_wconf 87' lang='lat' dir='ltr'>ille</span> <span class='ocrx_word' id='word_1_59' title='bbox 1392 503 1423 534; x_wconf 89' lang='lat' dir='ltr'>in</span> <span class='ocrx_word' id='word_1_60' title='bbox 1448 503 1553 534; x_wconf 85' lang='lat' dir='ltr'>animo</span> <span class='ocrx_word' id='word_1_61' title='bbox 1578 502 1732 538; x_wconf 66' lang='lat' dir='ltr'>habai-013</span> <span class='ocrx_word' id='word_1_62' title='bbox 1755 507 1787 532; x_wconf 82' lang='lat' dir='ltr'>et</span> <span class='ocrx_word' id='word_1_63' title='bbox 1814 499 1912 530; x_wconf 79' lang='lat' dir='ltr'>voluit</span> 
     </span>
     <span class='ocr_line' id='line_1_7' title="bbox 243 559 1912 606; baseline -0.005 -11"><span class='ocrx_word' id='word_1_64' title='bbox 243 575 313 596; x_wconf 83' lang='lat' dir='ltr'>euni</span> <span class='ocrx_word' id='word_1_65' title='bbox 341 563 526 606; x_wconf 78' lang='lat' dir='ltr'>explorare,</span> <span class='ocrx_word' id='word_1_66' title='bbox 550 568 704 605; x_wconf 89' lang='lat' dir='ltr'>quantum</span> <span class='ocrx_word' id='word_1_67' title='bbox 738 561 774 592; x_wconf 85' lang='lat' dir='ltr'>ad</span> <span class='ocrx_word' id='word_1_68' title='bbox 798 559 862 591; x_wconf 92' lang='lat' dir='ltr'>doli</span> <span class='ocrx_word' id='word_1_69' title='bbox 888 560 1084 603; x_wconf 88' lang='lat' dir='ltr'>propositum</span> <span class='ocrx_word' id='word_1_70' title='bbox 1106 560 1305 603; x_wconf 85' lang='lat' dir='ltr'>pertinebat;</span> <span class='ocrx_word' id='word_1_71' title='bbox 1338 571 1408 591; x_wconf 89' lang='lat' dir='ltr'>suos</span> <span class='ocrx_word' id='word_1_72' title='bbox 1428 560 1535 604; x_wconf 84' lang='lat' dir='ltr'>itaque</span> <span class='ocrx_word' id='word_1_73' title='bbox 1554 567 1629 592; x_wconf 90' lang='lat' dir='ltr'>tunc</span> <span class='ocrx_word' id='word_1_74' title='bbox 1651 559 1801 602; x_wconf 83' lang='lat' dir='ltr'>temporis</span> <span class='ocrx_word' id='word_1_75' title='bbox 1820 568 1912 588; x_wconf 87' lang='lat' dir='ltr'>com-</span> 
     </span>
     <span class='ocr_line' id='line_1_8' title="bbox 244 617 1915 663; baseline -0.005 -9"><span class='ocrx_word' id='word_1_76' title='bbox 244 622 414 654; x_wconf 77' lang='lat' dir='ltr'>monefecit</span> <span class='ocrx_word' id='word_1_77' title='bbox 438 627 480 650; x_wconf 77' lang='lat'>123</span> <span class='ocrx_word' id='word_1_78' title='bbox 506 621 607 663; x_wconf 84' lang='lat' dir='ltr'>iisque</span> <span class='ocrx_word' id='word_1_79' title='bbox 634 620 737 651; x_wconf 84' lang='lat' dir='ltr'>innuit</span> <span class='ocrx_word' id='word_1_80' title='bbox 767 618 927 662; x_wconf 91' lang='lat' dir='ltr'>quomodo</span> <span class='ocrx_word' id='word_1_81' title='bbox 953 618 992 649; x_wconf 90' lang='lat' dir='ltr'>ab</span> <span class='ocrx_word' id='word_1_82' title='bbox 1027 617 1123 650; x_wconf 80' lang='lat' dir='ltr'>hostis</span> <span class='ocrx_word' id='word_1_83' title='bbox 1148 618 1264 649; x_wconf 87' lang='lat' dir='ltr'>damno</span> <span class='ocrx_word' id='word_1_84' title='bbox 1293 618 1353 648; x_wconf 85' lang='lat' dir='ltr'>tuti</span> <span class='ocrx_word' id='word_1_85' title='bbox 1387 628 1453 649; x_wconf 88' lang='lat' dir='ltr'>esse</span> <span class='ocrx_word' id='word_1_86' title='bbox 1484 624 1622 661; x_wconf 83' lang='lat' dir='ltr'>possent.</span> <span class='ocrx_word' id='word_1_87' title='bbox 1672 619 1739 659; x_wconf 83' lang='lat' dir='ltr'>Quo</span> <span class='ocrx_word' id='word_1_88' title='bbox 1773 626 1915 647; x_wconf 79' lang='lat' dir='ltr'>sermone</span> 
     </span>
     <span class='ocr_line' id='line_1_9' title="bbox 246 674 1918 719; baseline -0.005 -6"><span class='ocrx_word' id='word_1_89' title='bbox 246 680 428 717; x_wconf 88' lang='lat' dir='ltr'>intellecto,</span> <span class='ocrx_word' id='word_1_90' title='bbox 453 677 702 719; x_wconf 63' lang='lat' dir='ltr'>‘al-Moe&#39;t&#39;arjidus</span> <span class='ocrx_word' id='word_1_91' title='bbox 727 688 757 708; x_wconf 89' lang='lat' dir='ltr'>se</span> <span class='ocrx_word' id='word_1_92' title='bbox 789 687 860 708; x_wconf 89' lang='lat' dir='ltr'>eum</span> <span class='ocrx_word' id='word_1_93' title='bbox 894 687 956 707; x_wconf 89' lang='lat' dir='ltr'>non</span> <span class='ocrx_word' id='word_1_94' title='bbox 981 675 1134 707; x_wconf 80' lang='lat' dir='ltr'>audivisse</span> <span class='ocrx_word' id='word_1_95' title='bbox 1165 674 1345 713; x_wconf 87' lang='lat' dir='ltr'>simulavit,</span> <span class='ocrx_word' id='word_1_96' title='bbox 1382 675 1434 706; x_wconf 86' lang='lat' dir='ltr'>scd</span> <span class='ocrx_word' id='word_1_97' title='bbox 1464 686 1536 707; x_wconf 90' lang='lat' dir='ltr'>eum</span> <span class='ocrx_word' id='word_1_98' title='bbox 1570 676 1694 719; x_wconf 80' lang='lat' dir='ltr'>scripsit</span> <span class='ocrx_word' id='word_1_99' title='bbox 1723 675 1753 706; x_wconf 90' lang='lat' dir='ltr'>in</span> <span class='ocrx_word' id='word_1_100' title='bbox 1786 675 1918 705; x_wconf 87' lang='lat' dir='ltr'>rationi-</span> 
     </span>
     <span class='ocr_line' id='line_1_10' title="bbox 247 732 1914 777; baseline -0.004 -8"><span class='ocrx_word' id='word_1_101' title='bbox 247 740 303 770; x_wconf 85' lang='lat' dir='ltr'>bus</span> <span class='ocrx_word' id='word_1_102' title='bbox 329 737 391 769; x_wconf 89' lang='lat' dir='ltr'>odii</span> <span class='ocrx_word' id='word_1_103' title='bbox 421 737 489 774; x_wconf 80' lang='lat' dir='ltr'>sui,</span> <span class='ocrx_word' id='word_1_104' title='bbox 517 736 616 767; x_wconf 87' lang='lat' dir='ltr'>donec</span> <span class='ocrx_word' id='word_1_105' title='bbox 639 735 710 766; x_wconf 91' lang='lat' dir='ltr'>inde</span> <span class='ocrx_word' id='word_1_106' title='bbox 738 734 909 765; x_wconf 82' lang='lat' dir='ltr'>utilitatem</span> <span class='ocrx_word' id='word_1_107' title='bbox 928 734 1106 776; x_wconf 81' lang='lat' dir='ltr'>perciperet</span> <span class='ocrx_word' id='word_1_108' title='bbox 1128 739 1194 771; x_wconf 74' lang='lat'>124,</span> <span class='ocrx_word' id='word_1_109' title='bbox 1224 739 1255 764; x_wconf 91' lang='lat' dir='ltr'>et</span> <span class='ocrx_word' id='word_1_110' title='bbox 1274 738 1343 776; x_wconf 87' lang='lat' dir='ltr'>post</span> <span class='ocrx_word' id='word_1_111' title='bbox 1373 732 1467 764; x_wconf 76' lang='lat' dir='ltr'>breve</span> <span class='ocrx_word' id='word_1_112' title='bbox 1493 740 1617 777; x_wconf 88' lang='lat' dir='ltr'>tempus</span> <span class='ocrx_word' id='word_1_113' title='bbox 1647 745 1678 765; x_wconf 90' lang='lat' dir='ltr'>se</span> <span class='ocrx_word' id='word_1_114' title='bbox 1704 732 1852 764; x_wconf 85' lang='lat' dir='ltr'>liberaret</span> <span class='ocrx_word' id='word_1_115' title='bbox 1876 732 1914 763; x_wconf 89' lang='lat' dir='ltr'>ab</span> 
     </span>
     <span class='ocr_line' id='line_1_11' title="bbox 245 790 1914 839; baseline -0.004 -12"><span class='ocrx_word' id='word_1_116' title='bbox 245 808 282 828; x_wconf 91' lang='lat' dir='ltr'>eo</span> <span class='ocrx_word' id='word_1_117' title='bbox 304 796 359 839; x_wconf 91' lang='lat' dir='ltr'>qni</span> <span class='ocrx_word' id='word_1_118' title='bbox 390 794 474 826; x_wconf 91' lang='lat' dir='ltr'>hunc</span> <span class='ocrx_word' id='word_1_119' title='bbox 504 804 677 825; x_wconf 88' lang='lat' dir='ltr'>sermonem</span> <span class='ocrx_word' id='word_1_120' title='bbox 697 792 891 836; x_wconf 75' lang='lat' dir='ltr'>protulisset.</span> <span class='ocrx_word' id='word_1_121' title='bbox 941 790 988 823; x_wconf 78' lang='lat' dir='ltr'>Ad</span> <span class='ocrx_word' id='word_1_122' title='bbox 1013 797 1123 834; x_wconf 89' lang='lat' dir='ltr'>potum</span> <span class='ocrx_word' id='word_1_123' title='bbox 1152 791 1274 822; x_wconf 90' lang='lat' dir='ltr'>vocavit</span> <span class='ocrx_word' id='word_1_124' title='bbox 1295 797 1337 820; x_wconf 84' lang='lat'>125</span> <span class='ocrx_word' id='word_1_125' title='bbox 1364 790 1440 822; x_wconf 88' lang='lat' dir='ltr'>duos</span> <span class='ocrx_word' id='word_1_126' title='bbox 1466 790 1536 822; x_wconf 88' lang='lat' dir='ltr'>illos</span> <span class='ocrx_word' id='word_1_127' title='bbox 1561 791 1702 833; x_wconf 71' lang='lat' dir='ltr'>flagibos</span> <span class='ocrx_word' id='word_1_128' title='bbox 1732 791 1771 823; x_wconf 90' lang='lat' dir='ltr'>de</span> <span class='ocrx_word' id='word_1_129' title='bbox 1799 790 1914 834; x_wconf 86' lang='lat' dir='ltr'>quibus</span> 
     </span>
     <span class='ocr_line' id='line_1_12' title="bbox 247 848 1915 895; baseline -0.004 -9"><span class='ocrx_word' id='word_1_130' title='bbox 247 865 348 886; x_wconf 87' lang='lat' dir='ltr'>sermo</span> <span class='ocrx_word' id='word_1_131' title='bbox 377 853 454 890; x_wconf 88' lang='lat' dir='ltr'>suit,</span> <span class='ocrx_word' id='word_1_132' title='bbox 491 852 727 895; x_wconf 84' lang='lat' dir='ltr'>quamprimum</span> <span class='ocrx_word' id='word_1_133' title='bbox 759 860 810 880; x_wconf 86' lang='lat' dir='ltr'>eos</span> <span class='ocrx_word' id='word_1_134' title='bbox 844 848 991 891; x_wconf 84' lang='lat' dir='ltr'>decipere</span> <span class='ocrx_word' id='word_1_135' title='bbox 1029 854 1177 892; x_wconf 88' lang='lat' dir='ltr'>poterat,</span> <span class='ocrx_word' id='word_1_136' title='bbox 1210 853 1242 880; x_wconf 90' lang='lat' dir='ltr'>et</span> <span class='ocrx_word' id='word_1_137' title='bbox 1270 849 1327 880; x_wconf 93' lang='lat' dir='ltr'>illo</span> <span class='ocrx_word' id='word_1_138' title='bbox 1360 855 1502 892; x_wconf 89' lang='lat' dir='ltr'>tempore</span> <span class='ocrx_word' id='word_1_139' title='bbox 1527 861 1623 892; x_wconf 89' lang='lat' dir='ltr'>quum</span> <span class='ocrx_word' id='word_1_140' title='bbox 1656 849 1752 881; x_wconf 84' lang='lat' dir='ltr'>redux</span> <span class='ocrx_word' id='word_1_141' title='bbox 1773 855 1853 881; x_wconf 87' lang='lat' dir='ltr'>esset</span> <span class='ocrx_word' id='word_1_142' title='bbox 1884 849 1915 879; x_wconf 91' lang='lat' dir='ltr'>in</span> 
     </span>
     <span class='ocr_line' id='line_1_13' title="bbox 248 906 1916 954; baseline -0.004 -10"><span class='ocrx_word' id='word_1_143' title='bbox 248 912 362 944; x_wconf 85' lang='lat' dir='ltr'>circuli</span> <span class='ocrx_word' id='word_1_144' title='bbox 379 911 425 942; x_wconf 91' lang='lat' dir='ltr'>sui</span> <span class='ocrx_word' id='word_1_145' title='bbox 446 917 564 954; x_wconf 87' lang='lat' dir='ltr'>puncto</span> <span class='ocrx_word' id='word_1_146' title='bbox 586 909 711 945; x_wconf 86' lang='lat' dir='ltr'>medio,</span> <span class='ocrx_word' id='word_1_147' title='bbox 739 917 851 949; x_wconf 88' lang='lat' dir='ltr'>nempe</span> <span class='ocrx_word' id='word_1_148' title='bbox 875 907 958 949; x_wconf 59' lang='lat' dir='ltr'>regie}</span> <span class='ocrx_word' id='word_1_149' title='bbox 977 907 1032 938; x_wconf 74' lang='lat' dir='ltr'>sua</span> <span class='ocrx_word' id='word_1_150' title='bbox 1050 906 1135 940; x_wconf 87' lang='lat' dir='ltr'>sede.</span> <span class='ocrx_word' id='word_1_151' title='bbox 1183 906 1380 938; x_wconf 78' lang='lat' dir='ltr'>Advolarunt</span> <span class='ocrx_word' id='word_1_152' title='bbox 1404 906 1453 938; x_wconf 85' lang='lat' dir='ltr'>illi</span> <span class='ocrx_word' id='word_1_153' title='bbox 1470 906 1533 938; x_wconf 88' lang='lat' dir='ltr'>duo</span> <span class='ocrx_word' id='word_1_154' title='bbox 1556 914 1588 939; x_wconf 90' lang='lat' dir='ltr'>nt</span> <span class='ocrx_word' id='word_1_155' title='bbox 1608 907 1752 939; x_wconf 78' lang='lat' dir='ltr'>advolant</span> <span class='ocrx_word' id='word_1_156' title='bbox 1780 906 1916 950; x_wconf 83' lang='lat' dir='ltr'>papilio·-</span> 
     </span>
     <span class='ocr_line' id='line_1_14' title="bbox 246 964 1913 1012; baseline -0.004 -10"><span class='ocrx_word' id='word_1_157' title='bbox 246 982 300 1003; x_wconf 82' lang='lat' dir='ltr'>nes</span> <span class='ocrx_word' id='word_1_158' title='bbox 328 970 365 1002; x_wconf 88' lang='lat' dir='ltr'>ad</span> <span class='ocrx_word' id='word_1_159' title='bbox 400 980 533 1012; x_wconf 87' lang='lat' dir='ltr'>prunam</span> <span class='ocrx_word' id='word_1_160' title='bbox 557 967 716 998; x_wconf 74' lang='lat' dir='ltr'>ardentem</span> <span class='ocrx_word' id='word_1_161' title='bbox 732 989 739 1002; x_wconf 94' lang='lat'>‚</span> <span class='ocrx_word' id='word_1_162' title='bbox 762 972 792 996; x_wconf 86' lang='lat' dir='ltr'>et</span> <span class='ocrx_word' id='word_1_163' title='bbox 816 964 1011 996; x_wconf 80' lang='lat' dir='ltr'>advenerunt</span> <span class='ocrx_word' id='word_1_164' title='bbox 1028 970 1063 995; x_wconf 88' lang='lat' dir='ltr'>ut</span> <span class='ocrx_word' id='word_1_165' title='bbox 1085 964 1212 996; x_wconf 82' lang='lat' dir='ltr'>advenit</span> <span class='ocrx_word' id='word_1_166' title='bbox 1236 964 1330 996; x_wconf 88' lang='lat' dir='ltr'>miser</span> <span class='ocrx_word' id='word_1_167' title='bbox 1352 964 1389 996; x_wconf 88' lang='lat' dir='ltr'>ad</span> <span class='ocrx_word' id='word_1_168' title='bbox 1410 965 1562 998; x_wconf 88' lang='lat' dir='ltr'>cultrum.</span> <span class='ocrx_word' id='word_1_169' title='bbox 1609 966 1678 997; x_wconf 89' lang='lat' dir='ltr'>Non</span> <span class='ocrx_word' id='word_1_170' title='bbox 1704 966 1852 997; x_wconf 77' lang='lat' dir='ltr'>invitatus</span> <span class='ocrx_word' id='word_1_171' title='bbox 1876 964 1913 995; x_wconf 89' lang='lat' dir='ltr'>ad</span> 
     </span>
     <span class='ocr_line' id='line_1_15' title="bbox 248 1018 1917 1071; baseline -0.004 -11"><span class='ocrx_word' id='word_1_172' title='bbox 248 1040 299 1060; x_wconf 81' lang='lat' dir='ltr'>eos</span> <span class='ocrx_word' id='word_1_173' title='bbox 324 1039 450 1071; x_wconf 85' lang='lat' dir='ltr'>qnoque</span> <span class='ocrx_word' id='word_1_174' title='bbox 469 1026 553 1058; x_wconf 77' lang='lat' dir='ltr'>venit</span> <span class='ocrx_word' id='word_1_175' title='bbox 570 1018 920 1060; x_wconf 72' lang='lat' dir='ltr'>infelix&#39;lbn-Cazrun,</span> <span class='ocrx_word' id='word_1_176' title='bbox 944 1022 1000 1065; x_wconf 82' lang='lat' dir='ltr'>qui</span> <span class='ocrx_word' id='word_1_177' title='bbox 1024 1021 1144 1054; x_wconf 85' lang='lat' dir='ltr'>nullius</span> <span class='ocrx_word' id='word_1_178' title='bbox 1163 1023 1385 1054; x_wconf 85' lang='lat' dir='ltr'>auctoritatem</span> <span class='ocrx_word' id='word_1_179' title='bbox 1408 1023 1618 1066; x_wconf 82' lang='lat' dir='ltr'>sequebatur,</span> <span class='ocrx_word' id='word_1_180' title='bbox 1643 1029 1673 1054; x_wconf 88' lang='lat' dir='ltr'>et</span> <span class='ocrx_word' id='word_1_181' title='bbox 1696 1023 1751 1065; x_wconf 88' lang='lat' dir='ltr'>qui</span> <span class='ocrx_word' id='word_1_182' title='bbox 1775 1029 1917 1066; x_wconf 86' lang='lat' dir='ltr'>tempore</span> 
     </span>
     <span class='ocr_line' id='line_1_16' title="bbox 248 1079 1914 1123; baseline -0.004 -5"><span class='ocrx_word' id='word_1_183' title='bbox 248 1099 304 1118; x_wconf 73' lang='lat' dir='ltr'>suo</span> <span class='ocrx_word' id='word_1_184' title='bbox 328 1086 438 1118; x_wconf 83' lang='lat' dir='ltr'>Arcosi</span> <span class='ocrx_word' id='word_1_185' title='bbox 463 1090 542 1117; x_wconf 84' lang='lat' dir='ltr'>erat.</span> <span class='ocrx_word' id='word_1_186' title='bbox 590 1083 656 1115; x_wconf 91' lang='lat' dir='ltr'>Deo</span> <span class='ocrx_word' id='word_1_187' title='bbox 679 1081 916 1113; x_wconf 88' lang='lat' dir='ltr'>commendatus</span> <span class='ocrx_word' id='word_1_188' title='bbox 936 1080 976 1111; x_wconf 86' lang='lat' dir='ltr'>sit</span> <span class='ocrx_word' id='word_1_189' title='bbox 991 1079 1057 1111; x_wconf 79' lang='lat' dir='ltr'>eius</span> <span class='ocrx_word' id='word_1_190' title='bbox 1075 1085 1164 1122; x_wconf 83' lang='lat' dir='ltr'>pater</span> <span class='ocrx_word' id='word_1_191' title='bbox 1179 1080 1237 1119; x_wconf 86' lang='lat' dir='ltr'>qui</span> <span class='ocrx_word' id='word_1_192' title='bbox 1259 1079 1387 1111; x_wconf 85' lang='lat' dir='ltr'>advenit</span> <span class='ocrx_word' id='word_1_193' title='bbox 1407 1086 1438 1111; x_wconf 92' lang='lat' dir='ltr'>et</span> <span class='ocrx_word' id='word_1_194' title='bbox 1453 1081 1504 1111; x_wconf 91' lang='lat' dir='ltr'>cui</span> <span class='ocrx_word' id='word_1_195' title='bbox 1524 1080 1674 1111; x_wconf 90' lang='lat' dir='ltr'>adventus</span> <span class='ocrx_word' id='word_1_196' title='bbox 1694 1091 1755 1111; x_wconf 91' lang='lat' dir='ltr'>non</span> <span class='ocrx_word' id='word_1_197' title='bbox 1776 1082 1914 1123; x_wconf 79' lang='lat' dir='ltr'>profuit!</span> 
     </span>
     <span class='ocr_line' id='line_1_17' title="bbox 250 1136 1916 1183; baseline -0.005 -6"><span class='ocrx_word' id='word_1_198' title='bbox 250 1146 289 1177; x_wconf 86' lang='lat' dir='ltr'>Et</span> <span class='ocrx_word' id='word_1_199' title='bbox 310 1155 365 1175; x_wconf 74' lang='lat' dir='ltr'>vae</span> <span class='ocrx_word' id='word_1_200' title='bbox 391 1143 438 1174; x_wconf 91' lang='lat' dir='ltr'>illi</span> <span class='ocrx_word' id='word_1_201' title='bbox 459 1142 627 1174; x_wconf 88' lang='lat' dir='ltr'>interfecto</span> <span class='ocrx_word' id='word_1_202' title='bbox 650 1140 705 1183; x_wconf 88' lang='lat' dir='ltr'>qui</span> <span class='ocrx_word' id='word_1_203' title='bbox 727 1151 763 1171; x_wconf 81' lang='lat' dir='ltr'>ex</span> <span class='ocrx_word' id='word_1_204' title='bbox 787 1138 939 1180; x_wconf 75' lang='lat' dir='ltr'>martyrio</span> <span class='ocrx_word' id='word_1_205' title='bbox 961 1136 1133 1168; x_wconf 76' lang='lat' dir='ltr'>utilitatem</span> <span class='ocrx_word' id='word_1_206' title='bbox 1158 1146 1221 1166; x_wconf 90' lang='lat' dir='ltr'>non</span> <span class='ocrx_word' id='word_1_207' title='bbox 1243 1136 1387 1179; x_wconf 89' lang='lat' dir='ltr'>percepit</span> <span class='ocrx_word' id='word_1_208' title='bbox 1409 1137 1473 1166; x_wconf 81' lang='lat'><strong>¹2⁶!</strong></span> <span class='ocrx_word' id='word_1_209' title='bbox 1499 1137 1746 1179; x_wconf 60' lang='lat' dir='ltr'>&#39;Al-Moit&#39;aqidus</span> <span class='ocrx_word' id='word_1_210' title='bbox 1771 1139 1916 1169; x_wconf 88' lang='lat' dir='ltr'>omnibus</span> 
     </span>
     <span class='ocr_line' id='line_1_18' title="bbox 249 1192 1922 1238; baseline -0.005 -4"><span class='ocrx_word' id='word_1_211' title='bbox 249 1208 391 1234; x_wconf 73' lang='lat' dir='ltr'>mortens</span> <span class='ocrx_word' id='word_1_212' title='bbox 407 1199 593 1233; x_wconf 85' lang='lat' dir='ltr'>sorbendam</span> <span class='ocrx_word' id='word_1_213' title='bbox 614 1197 703 1229; x_wconf 86' lang='lat' dir='ltr'>dedit</span> <span class='ocrx_word' id='word_1_214' title='bbox 727 1202 757 1228; x_wconf 88' lang='lat' dir='ltr'>et</span> <span class='ocrx_word' id='word_1_215' title='bbox 778 1195 888 1238; x_wconf 82' lang='lat' dir='ltr'>gladiis</span> <span class='ocrx_word' id='word_1_216' title='bbox 911 1199 1100 1237; x_wconf 85' lang='lat' dir='ltr'>potestatem</span> <span class='ocrx_word' id='word_1_217' title='bbox 1123 1193 1278 1224; x_wconf 85' lang='lat' dir='ltr'>concessit</span> <span class='ocrx_word' id='word_1_218' title='bbox 1298 1192 1338 1224; x_wconf 87' lang='lat' dir='ltr'>de</span> <span class='ocrx_word' id='word_1_219' title='bbox 1361 1203 1471 1224; x_wconf 87' lang='lat' dir='ltr'>eorum</span> <span class='ocrx_word' id='word_1_220' title='bbox 1492 1193 1631 1237; x_wconf 56' lang='lat' dir='ltr'>populi&amp;</span> <span class='ocrx_word' id='word_1_221' title='bbox 1679 1195 1736 1226; x_wconf 86' lang='lat' dir='ltr'>His</span> <span class='ocrx_word' id='word_1_222' title='bbox 1765 1196 1922 1238; x_wconf 84' lang='lat' dir='ltr'>peractis,</span> 
     </span>
     <span class='ocr_line' id='line_1_19' title="bbox 250 1249 1922 1304; baseline -0.004 -12"><span class='ocrx_word' id='word_1_223' title='bbox 250 1260 460 1304; x_wconf 83' lang='lat' dir='ltr'>perseveravit</span> <span class='ocrx_word' id='word_1_224' title='bbox 479 1259 510 1289; x_wconf 91' lang='lat' dir='ltr'>in</span> <span class='ocrx_word' id='word_1_225' title='bbox 531 1256 616 1288; x_wconf 88' lang='lat' dir='ltr'>bello</span> <span class='ocrx_word' id='word_1_226' title='bbox 640 1265 712 1286; x_wconf 89' lang='lat' dir='ltr'>cum</span> <span class='ocrx_word' id='word_1_227' title='bbox 733 1252 865 1296; x_wconf 86' lang='lat' dir='ltr'>reliquis</span> <span class='ocrx_word' id='word_1_228' title='bbox 882 1263 918 1283; x_wconf 82' lang='lat' dir='ltr'>ex</span> <span class='ocrx_word' id='word_1_229' title='bbox 942 1251 1000 1283; x_wconf 85' lang='lat' dir='ltr'>hac</span> <span class='ocrx_word' id='word_1_230' title='bbox 1021 1250 1108 1283; x_wconf 85' lang='lat' dir='ltr'>tribu</span> <span class='ocrx_word' id='word_1_231' title='bbox 1122 1273 1129 1287; x_wconf 93' lang='lat'>‚</span> <span class='ocrx_word' id='word_1_232' title='bbox 1157 1255 1188 1281; x_wconf 89' lang='lat' dir='ltr'>et</span> <span class='ocrx_word' id='word_1_233' title='bbox 1214 1259 1323 1281; x_wconf 88' lang='lat' dir='ltr'>eorum</span> <span class='ocrx_word' id='word_1_234' title='bbox 1351 1249 1498 1283; x_wconf 87' lang='lat' dir='ltr'>ultimum</span> <span class='ocrx_word' id='word_1_235' title='bbox 1524 1258 1708 1295; x_wconf 86' lang='lat' dir='ltr'>persecutus</span> <span class='ocrx_word' id='word_1_236' title='bbox 1727 1259 1793 1291; x_wconf 88' lang='lat' dir='ltr'>est,</span> <span class='ocrx_word' id='word_1_237' title='bbox 1821 1252 1922 1285; x_wconf 88' lang='lat' dir='ltr'>donec</span> 
     </span>
     <span class='ocr_line' id='line_1_20' title="bbox 250 1307 1923 1359; baseline -0.004 -10"><span class='ocrx_word' id='word_1_238' title='bbox 250 1328 360 1350; x_wconf 87' lang='lat' dir='ltr'>eorum</span> <span class='ocrx_word' id='word_1_239' title='bbox 379 1315 561 1359; x_wconf 81' lang='lat' dir='ltr'>regionibus</span> <span class='ocrx_word' id='word_1_240' title='bbox 587 1313 707 1357; x_wconf 85' lang='lat' dir='ltr'>potitus</span> <span class='ocrx_word' id='word_1_241' title='bbox 729 1317 808 1343; x_wconf 85' lang='lat' dir='ltr'>esset</span> <span class='ocrx_word' id='word_1_242' title='bbox 829 1316 861 1341; x_wconf 90' lang='lat' dir='ltr'>et</span> <span class='ocrx_word' id='word_1_243' title='bbox 885 1319 993 1341; x_wconf 88' lang='lat' dir='ltr'>omnes</span> <span class='ocrx_word' id='word_1_244' title='bbox 1013 1318 1123 1340; x_wconf 89' lang='lat' dir='ltr'>eorum</span> <span class='ocrx_word' id='word_1_245' title='bbox 1151 1317 1225 1350; x_wconf 89' lang='lat' dir='ltr'>opes</span> <span class='ocrx_word' id='word_1_246' title='bbox 1247 1307 1449 1347; x_wconf 88' lang='lat' dir='ltr'>abstulisset,</span> <span class='ocrx_word' id='word_1_247' title='bbox 1474 1311 1537 1352; x_wconf 71' lang='lat' dir='ltr'>qua</span> <span class='ocrx_word' id='word_1_248' title='bbox 1567 1310 1598 1342; x_wconf 91' lang='lat' dir='ltr'>in</span> <span class='ocrx_word' id='word_1_249' title='bbox 1619 1321 1653 1342; x_wconf 88' lang='lat' dir='ltr'>re</span> <span class='ocrx_word' id='word_1_250' title='bbox 1676 1311 1744 1342; x_wconf 89' lang='lat' dir='ltr'>eius</span> <span class='ocrx_word' id='word_1_251' title='bbox 1772 1310 1923 1343; x_wconf 84' lang='lat' dir='ltr'>historiae</span> 
     </span>
     <span class='ocr_line' id='line_1_21' title="bbox 252 1363 1924 1419; baseline -0.005 -11"><span class='ocrx_word' id='word_1_252' title='bbox 252 1377 364 1419; x_wconf 83' lang='lat' dir='ltr'>longae</span> <span class='ocrx_word' id='word_1_253' title='bbox 382 1379 475 1411; x_wconf 86' lang='lat' dir='ltr'>sunt,</span> <span class='ocrx_word' id='word_1_254' title='bbox 500 1382 576 1415; x_wconf 85' lang='lat' dir='ltr'>quas</span> <span class='ocrx_word' id='word_1_255' title='bbox 604 1369 672 1402; x_wconf 81' lang='lat' dir='ltr'>fuse</span> <span class='ocrx_word' id='word_1_256' title='bbox 693 1369 832 1402; x_wconf 86' lang='lat' dir='ltr'>narravit</span> <span class='ocrx_word' id='word_1_257' title='bbox 861 1365 1082 1408; x_wconf 68' lang='lat' dir='ltr'>&#39;Iba-Haijfin,</span> <span class='ocrx_word' id='word_1_258' title='bbox 1105 1363 1157 1396; x_wconf 86' lang='lat' dir='ltr'>sed</span> <span class='ocrx_word' id='word_1_259' title='bbox 1178 1375 1193 1395; x_wconf 80' lang='lat' dir='ltr'>a</span> <span class='ocrx_word' id='word_1_260' title='bbox 1218 1366 1382 1408; x_wconf 89' lang='lat' dir='ltr'>proposito</span> <span class='ocrx_word' id='word_1_261' title='bbox 1404 1365 1498 1399; x_wconf 86' lang='lat' dir='ltr'>huius</span> <span class='ocrx_word' id='word_1_262' title='bbox 1523 1367 1700 1399; x_wconf 89' lang='lat' dir='ltr'>carminum</span> <span class='ocrx_word' id='word_1_263' title='bbox 1726 1366 1924 1400; x_wconf 82' lang='lat' dir='ltr'>collectionis</span> 
     </span>
     <span class='ocr_line' id='line_1_22' title="bbox 253 1422 1925 1470; baseline -0.005 -5"><span class='ocrx_word' id='word_1_264' title='bbox 253 1434 374 1465; x_wconf 80' lang='lat' dir='ltr'>alienae</span> <span class='ocrx_word' id='word_1_265' title='bbox 397 1437 482 1463; x_wconf 89' lang='lat' dir='ltr'>sunt.</span> <span class='ocrx_word' id='word_1_266' title='bbox 531 1429 576 1461; x_wconf 85' lang='lat' dir='ltr'>Ex</span> <span class='ocrx_word' id='word_1_267' title='bbox 595 1427 644 1460; x_wconf 91' lang='lat' dir='ltr'>his</span> <span class='ocrx_word' id='word_1_268' title='bbox 660 1427 720 1459; x_wconf 85' lang='lat' dir='ltr'>iam</span> <span class='ocrx_word' id='word_1_269' title='bbox 742 1426 832 1470; x_wconf 81' lang='lat' dir='ltr'>attigi</span> <span class='ocrx_word' id='word_1_270' title='bbox 854 1436 934 1469; x_wconf 91' lang='lat' dir='ltr'>quae</span> <span class='ocrx_word' id='word_1_271' title='bbox 956 1424 1129 1461; x_wconf 81' lang='lat' dir='ltr'>sufficiunt,</span> <span class='ocrx_word' id='word_1_272' title='bbox 1154 1422 1412 1467; x_wconf 83' lang='lat' dir='ltr'>quandoquidem</span> <span class='ocrx_word' id='word_1_273' title='bbox 1436 1435 1498 1457; x_wconf 87' lang='lat' dir='ltr'>non</span> <span class='ocrx_word' id='word_1_274' title='bbox 1515 1424 1588 1457; x_wconf 88' lang='lat' dir='ltr'>satis</span> <span class='ocrx_word' id='word_1_275' title='bbox 1602 1425 1707 1469; x_wconf 83' lang='lat' dir='ltr'>magni</span> <span class='ocrx_word' id='word_1_276' title='bbox 1729 1425 1866 1458; x_wconf 70' lang='lat' dir='ltr'>ambitus</span> <span class='ocrx_word' id='word_1_277' title='bbox 1879 1432 1925 1457; x_wconf 87' lang='lat' dir='ltr'>est</span> 
     </span>
     <span class='ocr_line' id='line_1_23' title="bbox 254 1481 1927 1525; baseline -0.005 -2"><span class='ocrx_word' id='word_1_278' title='bbox 254 1492 331 1523; x_wconf 82' lang='lat' dir='ltr'>liaeo</span> <span class='ocrx_word' id='word_1_279' title='bbox 350 1501 419 1523; x_wconf 86' lang='lat' dir='ltr'>mea</span> <span class='ocrx_word' id='word_1_280' title='bbox 443 1487 592 1520; x_wconf 82' lang='lat' dir='ltr'>collectio</span> <span class='ocrx_word' id='word_1_281' title='bbox 621 1491 656 1518; x_wconf 91' lang='lat' dir='ltr'>ut</span> <span class='ocrx_word' id='word_1_282' title='bbox 683 1486 786 1517; x_wconf 88' lang='lat' dir='ltr'>omnia</span> <span class='ocrx_word' id='word_1_283' title='bbox 809 1489 989 1516; x_wconf 88' lang='lat' dir='ltr'>narrentur.</span> <span class='ocrx_word' id='word_1_284' title='bbox 1037 1481 1136 1514; x_wconf 88' lang='lat' dir='ltr'>Causa</span> <span class='ocrx_word' id='word_1_285' title='bbox 1154 1492 1228 1512; x_wconf 72' lang='lat' dir='ltr'>vero</span> <span class='ocrx_word' id='word_1_286' title='bbox 1246 1493 1326 1525; x_wconf 87' lang='lat' dir='ltr'>quae</span> <span class='ocrx_word' id='word_1_287' title='bbox 1344 1493 1415 1514; x_wconf 90' lang='lat' dir='ltr'>eum</span> <span class='ocrx_word' id='word_1_288' title='bbox 1442 1483 1627 1515; x_wconf 85' lang='lat' dir='ltr'>incitaverat</span> <span class='ocrx_word' id='word_1_289' title='bbox 1652 1490 1687 1515; x_wconf 90' lang='lat' dir='ltr'>ut</span> <span class='ocrx_word' id='word_1_290' title='bbox 1704 1494 1777 1516; x_wconf 88' lang='lat' dir='ltr'>cum</span> <span class='ocrx_word' id='word_1_291' title='bbox 1799 1483 1836 1515; x_wconf 91' lang='lat' dir='ltr'>iis</span> <span class='ocrx_word' id='word_1_292' title='bbox 1859 1484 1927 1515; x_wconf 91' lang='lat' dir='ltr'>bel-</span> 
     </span>
     <span class='ocr_line' id='line_1_24' title="bbox 256 1538 1928 1591; baseline -0.005 -11"><span class='ocrx_word' id='word_1_293' title='bbox 256 1551 320 1580; x_wconf 85' lang='lat' dir='ltr'>lum</span> <span class='ocrx_word' id='word_1_294' title='bbox 347 1552 489 1591; x_wconf 79' lang='lat' dir='ltr'>gereret,</span> <span class='ocrx_word' id='word_1_295' title='bbox 510 1551 542 1577; x_wconf 87' lang='lat' dir='ltr'>et</span> <span class='ocrx_word' id='word_1_296' title='bbox 564 1554 645 1588; x_wconf 87' lang='lat' dir='ltr'>quae</span> <span class='ocrx_word' id='word_1_297' title='bbox 667 1554 740 1575; x_wconf 88' lang='lat' dir='ltr'>eum</span> <span class='ocrx_word' id='word_1_298' title='bbox 765 1543 969 1585; x_wconf 82' lang='lat' dir='ltr'>instigaverat</span> <span class='ocrx_word' id='word_1_299' title='bbox 992 1546 1027 1572; x_wconf 90' lang='lat' dir='ltr'>ut</span> <span class='ocrx_word' id='word_1_300' title='bbox 1047 1538 1149 1571; x_wconf 82' lang='lat' dir='ltr'>valide</span> <span class='ocrx_word' id='word_1_301' title='bbox 1166 1549 1239 1573; x_wconf 89' lang='lat' dir='ltr'>cum</span> <span class='ocrx_word' id='word_1_302' title='bbox 1264 1540 1301 1573; x_wconf 85' lang='lat' dir='ltr'>iis</span> <span class='ocrx_word' id='word_1_303' title='bbox 1323 1547 1478 1585; x_wconf 85' lang='lat' dir='ltr'>pugnaret</span> <span class='ocrx_word' id='word_1_304' title='bbox 1501 1547 1565 1580; x_wconf 87' lang='lat'>¹27,</span> <span class='ocrx_word' id='word_1_305' title='bbox 1590 1539 1668 1574; x_wconf 88' lang='lat' dir='ltr'>haec</span> <span class='ocrx_word' id='word_1_306' title='bbox 1688 1542 1765 1575; x_wconf 85' lang='lat' dir='ltr'>suit.</span> <span class='ocrx_word' id='word_1_307' title='bbox 1810 1541 1928 1574; x_wconf 82' lang='lat' dir='ltr'>Narra-</span> 
     </span>
    </p>
   </div>
   <div class='ocr_carea' id='block_1_3' title="bbox 261 1661 966 1707">
    <p class='ocr_par' dir='ltr' id='par_1_3' title="bbox 261 1661 966 1707">
     <span class='ocr_line' id='line_1_25' title="bbox 261 1661 966 1707; baseline -0.009 -10"><span class='ocrx_word' id='word_1_308' title='bbox 261 1670 326 1703; x_wconf 76' lang='lat'>119)</span> <span class='ocrx_word' id='word_1_309' title='bbox 351 1669 420 1697; x_wconf 77' lang='lat' dir='ltr'>Haec</span> <span class='ocrx_word' id='word_1_310' title='bbox 439 1667 532 1706; x_wconf 83' lang='lat' dir='ltr'>signif.</span> <span class='ocrx_word' id='word_1_311' title='bbox 550 1665 625 1695; x_wconf 79' lang='lat' dir='ltr'>verbi</span> <span class='ocrx_word' id='word_1_312' title='bbox 646 1670 708 1707; x_wconf 67' lang='lat'>0225</span> <span class='ocrx_word' id='word_1_313' title='bbox 728 1663 825 1694; x_wconf 77' lang='lat' dir='ltr'>Lexico</span> <span class='ocrx_word' id='word_1_314' title='bbox 842 1661 966 1692; x_wconf 78' lang='lat' dir='ltr'>addatur.</span> 
     </span>
    </p>
   </div>
   <div class='ocr_carea' id='block_1_4' title="bbox 261 1715 1936 2402">
    <p class='ocr_par' dir='ltr' id='par_1_4' title="bbox 261 1715 1930 1809">
     <span class='ocr_line' id='line_1_26' title="bbox 261 1715 1930 1772; baseline -0.002 -25"><span class='ocrx_word' id='word_1_315' title='bbox 261 1723 327 1759; x_wconf 77' lang='lat'>120)</span> <span class='ocrx_word' id='word_1_316' title='bbox 351 1722 389 1750; x_wconf 76' lang='lat' dir='ltr'>Ad</span> <span class='ocrx_word' id='word_1_317' title='bbox 410 1722 491 1750; x_wconf 70' lang='lat' dir='ltr'>verba</span> <span class='ocrx_word' id='word_1_318' title='bbox 512 1733 677 1771; x_wconf 41' lang='lat'>5⁴⁵2&gt;</span> <span class='ocrx_word' id='word_1_319' title='bbox 652 1718 784 1751; x_wconf 46' lang='grc' dir='ltr'>,κως</span> <span class='ocrx_word' id='word_1_320' title='bbox 807 1716 844 1745; x_wconf 80' lang='lat' dir='ltr'>cf.</span> <span class='ocrx_word' id='word_1_321' title='bbox 869 1716 978 1755; x_wconf 84' lang='lat' dir='ltr'>phrasin</span> <span class='ocrx_word' id='word_1_322' title='bbox 1000 1717 1029 1745; x_wconf 89' lang='lat' dir='ltr'>in</span> <span class='ocrx_word' id='word_1_323' title='bbox 1057 1716 1155 1745; x_wconf 80' lang='lat' dir='ltr'>Lexico</span> <span class='ocrx_word' id='word_1_324' title='bbox 1173 1719 1325 1746; x_wconf 81' lang='lat' dir='ltr'>annotatam</span> <span class='ocrx_word' id='word_1_325' title='bbox 1347 1718 1470 1759; x_wconf 34' lang='grc' dir='ltr'>,ᾍςύῖ</span> <span class='ocrx_word' id='word_1_326' title='bbox 1498 1719 1605 1772; x_wconf 52' lang='lat' dir='ltr'>zoob,</span> <span class='ocrx_word' id='word_1_327' title='bbox 1629 1727 1697 1757; x_wconf 87' lang='lat' dir='ltr'>quae</span> <span class='ocrx_word' id='word_1_328' title='bbox 1722 1716 1841 1746; x_wconf 85' lang='lat' dir='ltr'>occurrit</span> <span class='ocrx_word' id='word_1_329' title='bbox 1862 1715 1930 1754; x_wconf 81' lang='lat' dir='ltr'>apud</span> 
     </span>
     <span class='ocr_line' id='line_1_27' title="bbox 347 1769 1081 1809; baseline -0.007 -5.944"><span class='ocrx_word' id='word_1_330' title='bbox 347 1775 565 1803; x_wconf 49' lang='lat' dir='ltr'>exn-§ominum</span> <span class='ocrx_word' id='word_1_331' title='bbox 585 1772 678 1809; x_wconf 77' lang='lat' dir='ltr'>(Ilz&#39;st.</span> <span class='ocrx_word' id='word_1_332' title='bbox 694 1772 781 1809; x_wconf 74' lang='lat' dir='ltr'>Ilisp.</span> <span class='ocrx_word' id='word_1_333' title='bbox 798 1769 857 1799; x_wconf 85' lang='lat' dir='ltr'>MS.</span> <span class='ocrx_word' id='word_1_334' title='bbox 875 1770 894 1798; x_wconf 91' lang='lat'>2</span> <span class='ocrx_word' id='word_1_335' title='bbox 912 1770 941 1799; x_wconf 82' lang='grc' dir='ltr'>Ιι.</span> <span class='ocrx_word' id='word_1_336' title='bbox 961 1780 986 1808; x_wconf 91' lang='lat' dir='ltr'>p.</span> <span class='ocrx_word' id='word_1_337' title='bbox 1000 1769 1081 1806; x_wconf 83' lang='lat'>473).</span> 
     </span>
    </p>

    <p class='ocr_par' dir='ltr' id='par_1_5' title="bbox 263 1823 1932 1922">
     <span class='ocr_line' id='line_1_28' title="bbox 263 1823 1932 1865; baseline -0.003 -7"><span class='ocrx_word' id='word_1_338' title='bbox 263 1830 329 1864; x_wconf 87' lang='lat'>121)</span> <span class='ocrx_word' id='word_1_339' title='bbox 353 1828 494 1865; x_wconf 82' lang='lat' dir='ltr'>Corruptis</span> <span class='ocrx_word' id='word_1_340' title='bbox 515 1836 610 1865; x_wconf 80' lang='lat' dir='ltr'>nempe</span> <span class='ocrx_word' id='word_1_341' title='bbox 630 1824 710 1854; x_wconf 88' lang='lat' dir='ltr'>credo</span> <span class='ocrx_word' id='word_1_342' title='bbox 730 1825 786 1853; x_wconf 84' lang='lat' dir='ltr'>eius</span> <span class='ocrx_word' id='word_1_343' title='bbox 808 1823 940 1853; x_wconf 80' lang='lat' dir='ltr'>exercitus</span> <span class='ocrx_word' id='word_1_344' title='bbox 961 1823 1083 1853; x_wconf 87' lang='lat' dir='ltr'>ducibus.</span> <span class='ocrx_word' id='word_1_345' title='bbox 1131 1824 1292 1859; x_wconf 81' lang='lat' dir='ltr'>Caeterum,</span> <span class='ocrx_word' id='word_1_346' title='bbox 1314 1825 1377 1863; x_wconf 90' lang='lat' dir='ltr'>quia</span> <span class='ocrx_word' id='word_1_347' title='bbox 1401 1825 1560 1863; x_wconf 83' lang='lat' dir='ltr'>praecedens</span> <span class='ocrx_word' id='word_1_348' title='bbox 1578 1826 1650 1854; x_wconf 89' lang='lat' dir='ltr'>locus</span> <span class='ocrx_word' id='word_1_349' title='bbox 1674 1824 1775 1854; x_wconf 85' lang='lat' dir='ltr'>lacunis</span> <span class='ocrx_word' id='word_1_350' title='bbox 1796 1823 1932 1858; x_wconf 84' lang='lat' dir='ltr'>abundat,</span> 
     </span>
     <span class='ocr_line' id='line_1_29' title="bbox 353 1877 1737 1922; baseline -0.002 -13"><span class='ocrx_word' id='word_1_351' title='bbox 353 1892 406 1911; x_wconf 86' lang='lat' dir='ltr'>non</span> <span class='ocrx_word' id='word_1_352' title='bbox 425 1884 495 1919; x_wconf 83' lang='lat' dir='ltr'>patet</span> <span class='ocrx_word' id='word_1_353' title='bbox 507 1879 539 1908; x_wconf 85' lang='lat' dir='ltr'>ad</span> <span class='ocrx_word' id='word_1_354' title='bbox 559 1879 693 1918; x_wconf 87' lang='lat' dir='ltr'>quodnam</span> <span class='ocrx_word' id='word_1_355' title='bbox 715 1877 873 1916; x_wconf 83' lang='lat' dir='ltr'>praecedens</span> <span class='ocrx_word' id='word_1_356' title='bbox 890 1877 1085 1906; x_wconf 80' lang='lat' dir='ltr'>substantivum</span> <span class='ocrx_word' id='word_1_357' title='bbox 1104 1878 1263 1916; x_wconf 87' lang='lat' dir='ltr'>pronomina</span> <span class='ocrx_word' id='word_1_358' title='bbox 1284 1878 1312 1906; x_wconf 93' lang='lat' dir='ltr'>in</span> <span class='ocrx_word' id='word_1_359' title='bbox 1334 1878 1411 1921; x_wconf 48' lang='lat' dir='ltr'>Lena</span> <span class='ocrx_word' id='word_1_360' title='bbox 1433 1882 1459 1907; x_wconf 84' lang='lat' dir='ltr'>et</span> <span class='ocrx_word' id='word_1_361' title='bbox 1480 1880 1554 1922; x_wconf 50' lang='lat' dir='ltr'>Lei„</span> <span class='ocrx_word' id='word_1_362' title='bbox 1576 1879 1737 1917; x_wconf 85' lang='lat' dir='ltr'>pertineant.</span> 
     </span>
    </p>

    <p class='ocr_par' dir='ltr' id='par_1_6' title="bbox 266 1930 1317 1971">
     <span class='ocr_line' id='line_1_30' title="bbox 266 1930 1317 1971; baseline -0.007 -6"><span class='ocrx_word' id='word_1_363' title='bbox 266 1936 332 1971; x_wconf 76' lang='lat'><strong>122)</strong></span> <span class='ocrx_word' id='word_1_364' title='bbox 355 1936 427 1964; x_wconf 83' lang='lat' dir='ltr'>Haec</span> <span class='ocrx_word' id='word_1_365' title='bbox 445 1933 525 1962; x_wconf 84' lang='lat' dir='ltr'>verba</span> <span class='ocrx_word' id='word_1_366' title='bbox 545 1933 610 1962; x_wconf 89' lang='lat' dir='ltr'>mihi</span> <span class='ocrx_word' id='word_1_367' title='bbox 630 1935 757 1971; x_wconf 83' lang='lat' dir='ltr'>corrupta</span> <span class='ocrx_word' id='word_1_368' title='bbox 777 1931 903 1960; x_wconf 88' lang='lat' dir='ltr'>videntur</span> <span class='ocrx_word' id='word_1_369' title='bbox 926 1933 951 1959; x_wconf 84' lang='lat' dir='ltr'>et</span> <span class='ocrx_word' id='word_1_370' title='bbox 967 1930 1075 1959; x_wconf 83' lang='lat' dir='ltr'>fortasse</span> <span class='ocrx_word' id='word_1_371' title='bbox 1096 1931 1195 1970; x_wconf 90' lang='lat' dir='ltr'>aliquid</span> <span class='ocrx_word' id='word_1_372' title='bbox 1213 1931 1317 1960; x_wconf 78' lang='lat' dir='ltr'>excidit.</span> 
     </span>
    </p>

    <p class='ocr_par' dir='ltr' id='par_1_7' title="bbox 267 1982 1931 2080">
     <span class='ocr_line' id='line_1_31' title="bbox 267 1982 1931 2026; baseline -0.004 -9"><span class='ocrx_word' id='word_1_373' title='bbox 267 1990 332 2026; x_wconf 79' lang='lat'><strong>123)</strong></span> <span class='ocrx_word' id='word_1_374' title='bbox 356 1989 396 2017; x_wconf 81' lang='lat' dir='ltr'>Ex</span> <span class='ocrx_word' id='word_1_375' title='bbox 417 1988 569 2016; x_wconf 72' lang='lat' dir='ltr'>coniectura</span> <span class='ocrx_word' id='word_1_376' title='bbox 582 1987 625 2016; x_wconf 81' lang='lat' dir='ltr'>hic</span> <span class='ocrx_word' id='word_1_377' title='bbox 645 1987 696 2014; x_wconf 54' lang='grc' dir='ltr'>Βιῑῐῐιι</span> <span class='ocrx_word' id='word_1_378' title='bbox 711 1986 828 2015; x_wconf 88' lang='lat' dir='ltr'>formam</span> <span class='ocrx_word' id='word_1_379' title='bbox 848 1984 923 2013; x_wconf 89' lang='lat' dir='ltr'>verbi</span> <span class='ocrx_word' id='word_1_380' title='bbox 943 1982 1005 2026; x_wconf 54' lang='grc' dir='ltr'>ἕως,</span> <span class='ocrx_word' id='word_1_381' title='bbox 1026 1984 1140 2022; x_wconf 89' lang='lat' dir='ltr'>scripsi,</span> <span class='ocrx_word' id='word_1_382' title='bbox 1159 1994 1241 2023; x_wconf 89' lang='lat' dir='ltr'>quam</span> <span class='ocrx_word' id='word_1_383' title='bbox 1257 1984 1366 2022; x_wconf 86' lang='lat' dir='ltr'>quidem</span> <span class='ocrx_word' id='word_1_384' title='bbox 1388 1985 1442 2013; x_wconf 91' lang='lat' dir='ltr'>scio</span> <span class='ocrx_word' id='word_1_385' title='bbox 1461 1985 1489 2014; x_wconf 88' lang='lat' dir='ltr'>in</span> <span class='ocrx_word' id='word_1_386' title='bbox 1509 1985 1607 2014; x_wconf 76' lang='lat' dir='ltr'>Lexico</span> <span class='ocrx_word' id='word_1_387' title='bbox 1624 1994 1677 2013; x_wconf 91' lang='lat' dir='ltr'>non</span> <span class='ocrx_word' id='word_1_388' title='bbox 1691 1986 1845 2012; x_wconf 83' lang='lat' dir='ltr'>annotatam</span> <span class='ocrx_word' id='word_1_389' title='bbox 1863 1992 1931 2016; x_wconf 83' lang='lat' dir='ltr'>esse,</span> 
     </span>
     <span class='ocr_line' id='line_1_32' title="bbox 354 2037 1153 2080; baseline -0.006 -9"><span class='ocrx_word' id='word_1_390' title='bbox 354 2042 397 2071; x_wconf 87' lang='lat' dir='ltr'>sed</span> <span class='ocrx_word' id='word_1_391' title='bbox 413 2051 481 2080; x_wconf 80' lang='lat' dir='ltr'>quae</span> <span class='ocrx_word' id='word_1_392' title='bbox 500 2051 531 2070; x_wconf 82' lang='lat' dir='ltr'>ex</span> <span class='ocrx_word' id='word_1_393' title='bbox 549 2039 703 2079; x_wconf 73' lang='lat' dir='ltr'>etymologia</span> <span class='ocrx_word' id='word_1_394' title='bbox 726 2042 798 2068; x_wconf 86' lang='lat' dir='ltr'>certe</span> <span class='ocrx_word' id='word_1_395' title='bbox 816 2037 914 2076; x_wconf 84' lang='lat' dir='ltr'>optime</span> <span class='ocrx_word' id='word_1_396' title='bbox 932 2037 1041 2066; x_wconf 81' lang='lat' dir='ltr'>existere</span> <span class='ocrx_word' id='word_1_397' title='bbox 1061 2041 1153 2075; x_wconf 83' lang='lat' dir='ltr'>potest.</span> 
     </span>
    </p>

    <p class='ocr_par' dir='ltr' id='par_1_8' title="bbox 270 2088 1934 2184">
     <span class='ocr_line' id='line_1_33' title="bbox 270 2088 1934 2133; baseline -0.003 -11"><span class='ocrx_word' id='word_1_398' title='bbox 270 2095 336 2131; x_wconf 78' lang='lat'><strong>124)</strong></span> <span class='ocrx_word' id='word_1_399' title='bbox 360 2094 514 2133; x_wconf 72' lang='lat' dir='ltr'>Freytagius</span> <span class='ocrx_word' id='word_1_400' title='bbox 538 2094 580 2130; x_wconf 85' lang='lat' dir='ltr'>(in</span> <span class='ocrx_word' id='word_1_401' title='bbox 598 2103 660 2122; x_wconf 85' lang='lat' dir='ltr'>voce</span> <span class='ocrx_word' id='word_1_402' title='bbox 680 2092 778 2132; x_wconf 50' lang='grc' dir='ltr'>μὶζς)</span> <span class='ocrx_word' id='word_1_403' title='bbox 801 2090 935 2120; x_wconf 84' lang='lat' dir='ltr'>annotavit</span> <span class='ocrx_word' id='word_1_404' title='bbox 951 2089 1076 2127; x_wconf 85' lang='lat' dir='ltr'>phrasin,</span> <span class='ocrx_word' id='word_1_405' title='bbox 1097 2099 1164 2128; x_wconf 89' lang='lat' dir='ltr'>quae</span> <span class='ocrx_word' id='word_1_406' title='bbox 1182 2088 1265 2119; x_wconf 76' lang='lat' dir='ltr'>hicin</span> <span class='ocrx_word' id='word_1_407' title='bbox 1285 2092 1357 2118; x_wconf 77' lang='lat' dir='ltr'>textu</span> <span class='ocrx_word' id='word_1_408' title='bbox 1375 2089 1486 2128; x_wconf 82' lang='lat' dir='ltr'>legitur,</span> <span class='ocrx_word' id='word_1_409' title='bbox 1500 2090 1606 2119; x_wconf 86' lang='lat' dir='ltr'>nonnisi</span> <span class='ocrx_word' id='word_1_410' title='bbox 1620 2090 1648 2118; x_wconf 89' lang='lat' dir='ltr'>in</span> <span class='ocrx_word' id='word_1_411' title='bbox 1667 2089 1787 2128; x_wconf 69' lang='lat' dir='ltr'>negando</span> <span class='ocrx_word' id='word_1_412' title='bbox 1800 2088 1934 2123; x_wconf 74' lang='lat' dir='ltr'>adhiberi,</span> 
     </span>
     <span class='ocr_line' id='line_1_34' title="bbox 360 2142 1543 2184; baseline -0.004 -9"><span class='ocrx_word' id='word_1_413' title='bbox 360 2150 399 2183; x_wconf 83' lang='lat' dir='ltr'>(ut</span> <span class='ocrx_word' id='word_1_414' title='bbox 418 2147 487 2175; x_wconf 78' lang='lat' dir='ltr'>infra</span> <span class='ocrx_word' id='word_1_415' title='bbox 505 2146 532 2174; x_wconf 86' lang='lat' dir='ltr'>in</span> <span class='ocrx_word' id='word_1_416' title='bbox 553 2149 624 2174; x_wconf 78' lang='lat' dir='ltr'>textu</span> <span class='ocrx_word' id='word_1_417' title='bbox 642 2157 669 2184; x_wconf 89' lang='lat' dir='ltr'>p.</span> <span class='ocrx_word' id='word_1_418' title='bbox 681 2146 735 2174; x_wconf 78' lang='lat'>251</span> <span class='ocrx_word' id='word_1_419' title='bbox 757 2156 793 2175; x_wconf 84' lang='lat' dir='ltr'>vs.</span> <span class='ocrx_word' id='word_1_420' title='bbox 808 2145 877 2182; x_wconf 85' lang='lat'>13),</span> <span class='ocrx_word' id='word_1_421' title='bbox 897 2143 941 2172; x_wconf 87' lang='lat' dir='ltr'>sed</span> <span class='ocrx_word' id='word_1_422' title='bbox 961 2143 1004 2171; x_wconf 74' lang='lat' dir='ltr'>hic</span> <span class='ocrx_word' id='word_1_423' title='bbox 1024 2143 1054 2170; x_wconf 77' lang='lat' dir='ltr'>in</span> <span class='ocrx_word' id='word_1_424' title='bbox 1072 2143 1229 2180; x_wconf 78' lang='lat' dir='ltr'>affirmando</span> <span class='ocrx_word' id='word_1_425' title='bbox 1249 2153 1306 2171; x_wconf 83' lang='lat' dir='ltr'>eam</span> <span class='ocrx_word' id='word_1_426' title='bbox 1327 2142 1446 2171; x_wconf 84' lang='lat' dir='ltr'>adhiberi</span> <span class='ocrx_word' id='word_1_427' title='bbox 1465 2142 1543 2171; x_wconf 84' lang='lat' dir='ltr'>vides.</span> 
     </span>
    </p>

    <p class='ocr_par' dir='ltr' id='par_1_9' title="bbox 272 2191 1936 2298">
     <span class='ocr_line' id='line_1_35' title="bbox 272 2191 1936 2236; baseline -0.005 -6"><span class='ocrx_word' id='word_1_428' title='bbox 272 2201 340 2236; x_wconf 84' lang='lat'>125)</span> <span class='ocrx_word' id='word_1_429' title='bbox 360 2199 551 2228; x_wconf 86' lang='lat' dir='ltr'>Commentarii</span> <span class='ocrx_word' id='word_1_430' title='bbox 569 2199 651 2227; x_wconf 85' lang='lat' dir='ltr'>instar</span> <span class='ocrx_word' id='word_1_431' title='bbox 673 2199 726 2227; x_wconf 84' lang='lat' dir='ltr'>sint</span> <span class='ocrx_word' id='word_1_432' title='bbox 742 2199 824 2228; x_wconf 84' lang='lat' dir='ltr'>verba</span> <span class='ocrx_word' id='word_1_433' title='bbox 844 2191 1037 2226; x_wconf 74' lang='lat' dir='ltr'>&#39;Iba-Caldnni</span> <span class='ocrx_word' id='word_1_434' title='bbox 1049 2218 1055 2230; x_wconf 92' lang='lat'>,</span> <span class='ocrx_word' id='word_1_435' title='bbox 1077 2195 1124 2234; x_wconf 89' lang='lat' dir='ltr'>qui</span> <span class='ocrx_word' id='word_1_436' title='bbox 1137 2215 1144 2229; x_wconf 82' lang='grc'>,</span> <span class='ocrx_word' id='word_1_437' title='bbox 1165 2195 1194 2224; x_wconf 86' lang='lat' dir='ltr'>in</span> <span class='ocrx_word' id='word_1_438' title='bbox 1211 2194 1268 2224; x_wconf 86' lang='lat' dir='ltr'>loco</span> <span class='ocrx_word' id='word_1_439' title='bbox 1288 2196 1360 2224; x_wconf 79' lang='lat' dir='ltr'>ini&#39;ra</span> <span class='ocrx_word' id='word_1_440' title='bbox 1379 2195 1481 2225; x_wconf 86' lang='lat' dir='ltr'>edendo</span> <span class='ocrx_word' id='word_1_441' title='bbox 1503 2195 1574 2234; x_wconf 82' lang='lat' dir='ltr'>(MS.</span> <span class='ocrx_word' id='word_1_442' title='bbox 1591 2195 1675 2224; x_wconf 82' lang='lat'>1350.</span> <span class='ocrx_word' id='word_1_443' title='bbox 1695 2199 1715 2225; x_wconf 77' lang='lat' dir='ltr'>t.</span> <span class='ocrx_word' id='word_1_444' title='bbox 1727 2195 1775 2225; x_wconf 68' lang='lat' dir='ltr'>IV.</span> <span class='ocrx_word' id='word_1_445' title='bbox 1794 2195 1840 2225; x_wconf 80' lang='lat' dir='ltr'>fol.</span> <span class='ocrx_word' id='word_1_446' title='bbox 1852 2195 1889 2225; x_wconf 75' lang='lat'>24</span> <span class='ocrx_word' id='word_1_447' title='bbox 1901 2197 1936 2231; x_wconf 87' lang='lat' dir='ltr'>r.)</span> 
     </span>
     <span class='ocr_line' id='line_1_36' title="bbox 356 2251 721 2298; baseline 0.003 -17"><span class='ocrx_word' id='word_1_448' title='bbox 356 2254 406 2281; x_wconf 83' lang='lat' dir='ltr'>ait:</span> <span class='ocrx_word' id='word_1_449' title='bbox 429 2251 521 2294; x_wconf 50' lang='lat' dir='ltr'>3⁴25&gt;ss</span> <span class='ocrx_word' id='word_1_450' title='bbox 551 2253 721 2298; x_wconf 41' lang='lat' dir='ltr'>romum&amp;</span> 
     </span>
    </p>

    <p class='ocr_par' dir='ltr' id='par_1_10' title="bbox 275 2301 1877 2344">
     <span class='ocr_line' id='line_1_37' title="bbox 275 2301 1877 2344; baseline -0.002 -10"><span class='ocrx_word' id='word_1_451' title='bbox 275 2307 342 2339; x_wconf 70' lang='grc'>126)</span> <span class='ocrx_word' id='word_1_452' title='bbox 365 2305 425 2334; x_wconf 84' lang='lat' dir='ltr'>Scil.</span> <span class='ocrx_word' id='word_1_453' title='bbox 442 2314 489 2342; x_wconf 85' lang='lat' dir='ltr'>pro</span> <span class='ocrx_word' id='word_1_454' title='bbox 504 2314 552 2333; x_wconf 90' lang='lat' dir='ltr'>suo</span> <span class='ocrx_word' id='word_1_455' title='bbox 570 2306 699 2341; x_wconf 71' lang='lat' dir='ltr'>martyrio</span> <span class='ocrx_word' id='word_1_456' title='bbox 719 2304 868 2342; x_wconf 82' lang='lat' dir='ltr'>praemium</span> <span class='ocrx_word' id='word_1_457' title='bbox 888 2312 942 2332; x_wconf 89' lang='lat' dir='ltr'>non</span> <span class='ocrx_word' id='word_1_458' title='bbox 962 2302 1061 2339; x_wconf 87' lang='lat' dir='ltr'>accepit</span> <span class='ocrx_word' id='word_1_459' title='bbox 1077 2301 1104 2329; x_wconf 91' lang='lat' dir='ltr'>in</span> <span class='ocrx_word' id='word_1_460' title='bbox 1126 2301 1178 2329; x_wconf 79' lang='lat' dir='ltr'>viu</span> <span class='ocrx_word' id='word_1_461' title='bbox 1200 2304 1322 2337; x_wconf 61' lang='lat' dir='ltr'>aeterna,</span> <span class='ocrx_word' id='word_1_462' title='bbox 1342 2304 1404 2341; x_wconf 84' lang='lat' dir='ltr'>quia</span> <span class='ocrx_word' id='word_1_463' title='bbox 1427 2313 1479 2332; x_wconf 89' lang='lat' dir='ltr'>non</span> <span class='ocrx_word' id='word_1_464' title='bbox 1497 2314 1547 2342; x_wconf 88' lang='lat' dir='ltr'>pro</span> <span class='ocrx_word' id='word_1_465' title='bbox 1564 2304 1689 2344; x_wconf 79' lang='lat' dir='ltr'>religione</span> <span class='ocrx_word' id='word_1_466' title='bbox 1710 2303 1877 2331; x_wconf 78' lang='lat' dir='ltr'>occubuerat.</span> 
     </span>
    </p>

    <p class='ocr_par' dir='ltr' id='par_1_11' title="bbox 276 2354 1237 2402">
     <span class='ocr_line' id='line_1_38' title="bbox 276 2354 1237 2402; baseline -0.002 -15"><span class='ocrx_word' id='word_1_467' title='bbox 276 2359 342 2396; x_wconf 69' lang='lat'>1273</span> <span class='ocrx_word' id='word_1_468' title='bbox 365 2358 434 2386; x_wconf 82' lang='lat' dir='ltr'>Haec</span> <span class='ocrx_word' id='word_1_469' title='bbox 453 2358 609 2396; x_wconf 75' lang='lat' dir='ltr'>significatio</span> <span class='ocrx_word' id='word_1_470' title='bbox 626 2359 671 2387; x_wconf 66' lang='lat'>522</span> <span class='ocrx_word' id='word_1_471' title='bbox 693 2358 793 2386; x_wconf 82' lang='lat' dir='ltr'>formae</span> <span class='ocrx_word' id='word_1_472' title='bbox 808 2357 883 2386; x_wconf 75' lang='lat' dir='ltr'>verbi</span> <span class='ocrx_word' id='word_1_473' title='bbox 906 2370 979 2402; x_wconf 44' lang='grc' dir='ltr'>ωτι</span> <span class='ocrx_word' id='word_1_474' title='bbox 1002 2354 1099 2385; x_wconf 63' lang='lat' dir='ltr'>Lex-ico</span> <span class='ocrx_word' id='word_1_475' title='bbox 1118 2354 1237 2385; x_wconf 81' lang='lat' dir='ltr'>addatur.</span> 
     </span>
    </p>
   </div>
  </div>
 </body>
</html>
