<?xml version="1.0" encoding="UTF-8"?>
<!DOCTYPE html PUBLIC "-//W3C//DTD XHTML 1.0 Transitional//EN"
    "http://www.w3.org/TR/xhtml1/DTD/xhtml1-transitional.dtd">
<html xmlns="http://www.w3.org/1999/xhtml" xml:lang="en" lang="en">
 <head>
  <title>
</title>
<meta http-equiv="Content-Type" content="text/html;charset=utf-8" />
  <meta name='ocr-system' content='tesseract 3.04.00' />
  <meta name='ocr-capabilities' content='ocr_page ocr_carea ocr_par ocr_line ocrx_word'/>
</head>
<body>
  <div class='ocr_page' id='page_1' title='image "./historiaabbadida01dozyuoft_0068.png"; bbox 0 0 2053 2969; ppageno 0'>
   <div class='ocr_carea' id='block_1_1' title="bbox 988 139 1275 177">
    <p class='ocr_par' dir='ltr' id='par_1_1' title="bbox 988 139 1275 177">
     <span class='ocr_line' id='line_1_1' title="bbox 988 139 1275 177; baseline 0.003 -10"><span class='ocrx_word' id='word_1_1' title='bbox 988 139 1275 177; x_wconf 78' lang='lat'><strong>-36—</strong></span> 
     </span>
    </p>
   </div>
   <div class='ocr_carea' id='block_1_2' title="bbox 299 235 1974 2328">
    <p class='ocr_par' dir='ltr' id='par_1_2' title="bbox 299 235 1974 2328">
     <span class='ocr_line' id='line_1_2' title="bbox 303 235 1974 281; baseline 0 -12"><span class='ocrx_word' id='word_1_2' title='bbox 303 239 397 280; x_wconf 66' lang='lat' dir='ltr'>qanz‘s</span> <span class='ocrx_word' id='word_1_3' title='bbox 421 236 593 270; x_wconf 79' lang='lat' dir='ltr'>codicibus</span> <span class='ocrx_word' id='word_1_4' title='bbox 619 235 857 274; x_wconf 80' lang='lat' dir='ltr'><strong>invenirentur,</strong></span> <span class='ocrx_word' id='word_1_5' title='bbox 884 246 1020 279; x_wconf 87' lang='lat' dir='ltr'>quorum</span> <span class='ocrx_word' id='word_1_6' title='bbox 1044 235 1309 268; x_wconf 87' lang='lat' dir='ltr'>consulendorum</span> <span class='ocrx_word' id='word_1_7' title='bbox 1337 236 1412 279; x_wconf 90' lang='lat' dir='ltr'>ipsis</span> <span class='ocrx_word' id='word_1_8' title='bbox 1433 242 1500 268; x_wconf 80' lang='lat' dir='ltr'>erat</span> <span class='ocrx_word' id='word_1_9' title='bbox 1529 236 1621 280; x_wconf 86' lang='lat' dir='ltr'>copia</span> <span class='ocrx_word' id='word_1_10' title='bbox 1637 261 1645 275; x_wconf 93' lang='lat'>‚</span> <span class='ocrx_word' id='word_1_11' title='bbox 1680 247 1738 268; x_wconf 84' lang='lat' dir='ltr'>nec</span> <span class='ocrx_word' id='word_1_12' title='bbox 1766 249 1826 277; x_wconf 88' lang='lat' dir='ltr'>ne,</span> <span class='ocrx_word' id='word_1_13' title='bbox 1850 249 1974 281; x_wconf 81' lang='lat' dir='ltr'>semper</span> 
     </span>
     <span class='ocr_line' id='line_1_3' title="bbox 300 294 1972 340; baseline 0 -13"><span class='ocrx_word' id='word_1_14' title='bbox 300 297 379 327; x_wconf 89' lang='lat' dir='ltr'>mihi</span> <span class='ocrx_word' id='word_1_15' title='bbox 407 295 656 339; x_wconf 84' lang='lat' dir='ltr'>responderunt,</span> <span class='ocrx_word' id='word_1_16' title='bbox 681 294 751 325; x_wconf 87' lang='lat' dir='ltr'>illos</span> <span class='ocrx_word' id='word_1_17' title='bbox 771 305 876 326; x_wconf 81' lang='lat' dir='ltr'>versus</span> <span class='ocrx_word' id='word_1_18' title='bbox 896 294 928 325; x_wconf 86' lang='lat' dir='ltr'>in</span> <span class='ocrx_word' id='word_1_19' title='bbox 950 294 988 325; x_wconf 89' lang='lat' dir='ltr'>iis</span> <span class='ocrx_word' id='word_1_20' title='bbox 1008 294 1123 337; x_wconf 90' lang='lat' dir='ltr'>quibus</span> <span class='ocrx_word' id='word_1_21' title='bbox 1141 295 1314 326; x_wconf 81' lang='lat' dir='ltr'>utebantur</span> <span class='ocrx_word' id='word_1_22' title='bbox 1338 294 1510 327; x_wconf 89' lang='lat' dir='ltr'>Codicibus</span> <span class='ocrx_word' id='word_1_23' title='bbox 1530 306 1592 326; x_wconf 90' lang='lat' dir='ltr'>non</span> <span class='ocrx_word' id='word_1_24' title='bbox 1611 296 1758 327; x_wconf 81' lang='lat' dir='ltr'>inveniri·</span> <span class='ocrx_word' id='word_1_25' title='bbox 1806 296 1917 340; x_wconf 87' lang='lat' dir='ltr'><strong>Neque</strong></span> <span class='ocrx_word' id='word_1_26' title='bbox 1941 298 1972 328; x_wconf 88' lang='lat' dir='ltr'>in</span> 
     </span>
     <span class='ocr_line' id='line_1_4' title="bbox 301 348 1972 397; baseline 0 -12"><span class='ocrx_word' id='word_1_27' title='bbox 301 365 395 397; x_wconf 89' lang='lat' dir='ltr'>opere</span> <span class='ocrx_word' id='word_1_28' title='bbox 412 354 627 396; x_wconf 74' lang='lat' dir='ltr'>·al-Maqqaril</span> <span class='ocrx_word' id='word_1_29' title='bbox 641 348 903 395; x_wconf 66' lang='lat' dir='ltr'>,Iba-Caqanem</span> <span class='ocrx_word' id='word_1_30' title='bbox 925 351 1154 390; x_wconf 81' lang='lat' dir='ltr'>describentis,</span> <span class='ocrx_word' id='word_1_31' title='bbox 1180 359 1311 386; x_wconf 78' lang='lat' dir='ltr'>exstant.</span> <span class='ocrx_word' id='word_1_32' title='bbox 1360 352 1454 384; x_wconf 85' lang='lat' dir='ltr'>Certa</span> <span class='ocrx_word' id='word_1_33' title='bbox 1476 353 1572 396; x_wconf 78' lang='lat' dir='ltr'>igitur</span> <span class='ocrx_word' id='word_1_34' title='bbox 1594 354 1675 385; x_wconf 90' lang='lat' dir='ltr'>mihi</span> <span class='ocrx_word' id='word_1_35' title='bbox 1694 361 1765 385; x_wconf 90' lang='lat' dir='ltr'>nata</span> <span class='ocrx_word' id='word_1_36' title='bbox 1780 362 1825 385; x_wconf 86' lang='lat' dir='ltr'>est</span> <span class='ocrx_word' id='word_1_37' title='bbox 1844 365 1972 397; x_wconf 88' lang='lat' dir='ltr'>persua-</span> 
     </span>
     <span class='ocr_line' id='line_1_5' title="bbox 302 409 1971 453; baseline 0 -10"><span class='ocrx_word' id='word_1_38' title='bbox 302 415 346 443; x_wconf 59' lang='lat' dir='ltr'>sio</span> <span class='ocrx_word' id='word_1_39' title='bbox 362 437 370 449; x_wconf 93' lang='lat'>,</span> <span class='ocrx_word' id='word_1_40' title='bbox 385 423 488 444; x_wconf 88' lang='lat' dir='ltr'>versus</span> <span class='ocrx_word' id='word_1_41' title='bbox 509 412 583 444; x_wconf 86' lang='lat' dir='ltr'>istos</span> <span class='ocrx_word' id='word_1_42' title='bbox 603 411 791 448; x_wconf 83' lang='lat' dir='ltr'>additicios‚</span> <span class='ocrx_word' id='word_1_43' title='bbox 818 421 895 453; x_wconf 90' lang='lat' dir='ltr'>quos</span> <span class='ocrx_word' id='word_1_44' title='bbox 916 421 1001 441; x_wconf 90' lang='lat' dir='ltr'>nunc</span> <span class='ocrx_word' id='word_1_45' title='bbox 1024 411 1056 441; x_wconf 88' lang='lat' dir='ltr'>in</span> <span class='ocrx_word' id='word_1_46' title='bbox 1077 409 1159 448; x_wconf 83' lang='lat' dir='ltr'>hoc,</span> <span class='ocrx_word' id='word_1_47' title='bbox 1179 421 1265 441; x_wconf 90' lang='lat' dir='ltr'>nuuc</span> <span class='ocrx_word' id='word_1_48' title='bbox 1288 411 1318 441; x_wconf 93' lang='lat' dir='ltr'>in</span> <span class='ocrx_word' id='word_1_49' title='bbox 1334 410 1389 441; x_wconf 92' lang='lat' dir='ltr'>illo</span> <span class='ocrx_word' id='word_1_50' title='bbox 1409 422 1551 443; x_wconf 89' lang='lat' dir='ltr'>meorum</span> <span class='ocrx_word' id='word_1_51' title='bbox 1571 411 1726 444; x_wconf 84' lang='lat' dir='ltr'>Codicum</span> <span class='ocrx_word' id='word_1_52' title='bbox 1745 413 1945 444; x_wconf 76' lang='lat' dir='ltr'>inveniebam</span> <span class='ocrx_word' id='word_1_53' title='bbox 1961 436 1971 450; x_wconf 91' lang='lat'><strong><em>,</em></strong></span> 
     </span>
     <span class='ocr_line' id='line_1_6' title="bbox 302 466 1971 513; baseline 0 -11"><span class='ocrx_word' id='word_1_54' title='bbox 302 484 363 502; x_wconf 81' lang='lat' dir='ltr'>non</span> <span class='ocrx_word' id='word_1_55' title='bbox 388 471 427 502; x_wconf 88' lang='lat' dir='ltr'>ab</span> <span class='ocrx_word' id='word_1_56' title='bbox 445 466 654 513; x_wconf 71' lang='lat' dir='ltr'>‘Ibn-Caqane</span> <span class='ocrx_word' id='word_1_57' title='bbox 676 480 741 501; x_wconf 90' lang='lat' dir='ltr'>esse</span> <span class='ocrx_word' id='word_1_58' title='bbox 765 468 939 511; x_wconf 87' lang='lat' dir='ltr'>descriptos</span> <span class='ocrx_word' id='word_1_59' title='bbox 954 493 961 506; x_wconf 94' lang='lat'>,</span> <span class='ocrx_word' id='word_1_60' title='bbox 987 468 1037 500; x_wconf 88' lang='lat' dir='ltr'>sed</span> <span class='ocrx_word' id='word_1_61' title='bbox 1058 480 1074 499; x_wconf 94' lang='lat' dir='ltr'>a</span> <span class='ocrx_word' id='word_1_62' title='bbox 1093 467 1233 498; x_wconf 86' lang='lat' dir='ltr'>librariis</span> <span class='ocrx_word' id='word_1_63' title='bbox 1253 480 1318 505; x_wconf 74' lang='lat' dir='ltr'>esse</span> <span class='ocrx_word' id='word_1_64' title='bbox 1337 468 1481 508; x_wconf 86' lang='lat' dir='ltr'>additos,</span> <span class='ocrx_word' id='word_1_65' title='bbox 1508 470 1563 512; x_wconf 87' lang='lat' dir='ltr'>qui</span> <span class='ocrx_word' id='word_1_66' title='bbox 1586 470 1655 501; x_wconf 86' lang='lat' dir='ltr'>illos</span> <span class='ocrx_word' id='word_1_67' title='bbox 1677 482 1713 502; x_wconf 82' lang='lat' dir='ltr'>ex</span> <span class='ocrx_word' id='word_1_68' title='bbox 1731 471 1801 502; x_wconf 86' lang='lat' dir='ltr'>aliis</span> <span class='ocrx_word' id='word_1_69' title='bbox 1829 471 1971 502; x_wconf 86' lang='lat' dir='ltr'>eiusdem</span> 
     </span>
     <span class='ocr_line' id='line_1_7' title="bbox 303 526 1970 572; baseline 0.001 -12"><span class='ocrx_word' id='word_1_70' title='bbox 303 529 479 572; x_wconf 82' lang='lat' dir='ltr'>argumenti</span> <span class='ocrx_word' id='word_1_71' title='bbox 508 529 656 572; x_wconf 83' lang='lat' dir='ltr'><strong>operibus</strong></span> <span class='ocrx_word' id='word_1_72' title='bbox 689 527 870 559; x_wconf 82' lang='lat' dir='ltr'>describere</span> <span class='ocrx_word' id='word_1_73' title='bbox 900 532 1069 570; x_wconf 74' lang='lat' dir='ltr'>poterant:</span> <span class='ocrx_word' id='word_1_74' title='bbox 1105 526 1241 569; x_wconf 78' lang='lat' dir='ltr'>exempli</span> <span class='ocrx_word' id='word_1_75' title='bbox 1271 527 1393 569; x_wconf 72' lang='lat' dir='ltr'>gratia,</span> <span class='ocrx_word' id='word_1_76' title='bbox 1427 538 1462 559; x_wconf 81' lang='lat' dir='ltr'>ex</span> <span class='ocrx_word' id='word_1_77' title='bbox 1490 527 1717 559; x_wconf 73' lang='lat' dir='ltr'>&#39;Ibn-Bassamc‘</span> <span class='ocrx_word' id='word_1_78' title='bbox 1749 540 1863 571; x_wconf 88' lang='lat' dir='ltr'>opere,</span> <span class='ocrx_word' id='word_1_79' title='bbox 1898 540 1925 560; x_wconf 91' lang='lat' dir='ltr'>c.</span> <span class='ocrx_word' id='word_1_80' title='bbox 1947 536 1970 562; x_wconf 86' lang='lat' dir='ltr'>t.</span> 
     </span>
     <span class='ocr_line' id='line_1_8' title="bbox 300 583 1972 635; baseline 0.001 -18"><span class='ocrx_word' id='word_1_81' title='bbox 300 586 420 635; x_wconf 49' lang='lat'>55:753</span> <span class='ocrx_word' id='word_1_82' title='bbox 451 587 508 626; x_wconf 48' lang='lat'>355</span> <span class='ocrx_word' id='word_1_83' title='bbox 540 592 587 635; x_wconf 45' lang='grc' dir='ltr'>σε</span> <span class='ocrx_word' id='word_1_84' title='bbox 616 583 765 633; x_wconf 41' lang='grc' dir='ltr'>δ’)ᾓὸᾲὶῖ.</span> <span class='ocrx_word' id='word_1_85' title='bbox 812 586 913 617; x_wconf 83' lang='lat' dir='ltr'>Huius</span> <span class='ocrx_word' id='word_1_86' title='bbox 938 586 1012 617; x_wconf 90' lang='lat' dir='ltr'>libri</span> <span class='ocrx_word' id='word_1_87' title='bbox 1039 595 1136 627; x_wconf 92' lang='lat' dir='ltr'>quum</span> <span class='ocrx_word' id='word_1_88' title='bbox 1168 596 1265 616; x_wconf 89' lang='lat' dir='ltr'>unum</span> <span class='ocrx_word' id='word_1_89' title='bbox 1295 585 1452 628; x_wconf 72' lang='lat' dir='ltr'>possideat</span> <span class='ocrx_word' id='word_1_90' title='bbox 1475 586 1623 618; x_wconf 83' lang='lat' dir='ltr'>volumen</span> <span class='ocrx_word' id='word_1_91' title='bbox 1658 587 1860 619; x_wconf 82' lang='lat' dir='ltr'>Bibliotheca</span> <span class='ocrx_word' id='word_1_92' title='bbox 1886 587 1972 619; x_wconf 84' lang='lat' dir='ltr'>Bod-</span> 
     </span>
     <span class='ocr_line' id='line_1_9' title="bbox 302 645 1974 691; baseline -0.001 -13"><span class='ocrx_word' id='word_1_93' title='bbox 302 649 400 690; x_wconf 83' lang='lat' dir='ltr'>lejana</span> <span class='ocrx_word' id='word_1_94' title='bbox 417 672 424 685; x_wconf 91' lang='lat'>‚</span> <span class='ocrx_word' id='word_1_95' title='bbox 451 647 543 679; x_wconf 86' lang='lat' dir='ltr'>Doct.</span> <span class='ocrx_word' id='word_1_96' title='bbox 570 646 735 680; x_wconf 87' lang='lat' dir='ltr'>Greenhill</span> <span class='ocrx_word' id='word_1_97' title='bbox 757 648 863 691; x_wconf 79' lang='lat' dir='ltr'>rogavi</span> <span class='ocrx_word' id='word_1_98' title='bbox 885 654 918 679; x_wconf 89' lang='lat' dir='ltr'>ut</span> <span class='ocrx_word' id='word_1_99' title='bbox 937 646 997 678; x_wconf 90' lang='lat' dir='ltr'>hoc</span> <span class='ocrx_word' id='word_1_100' title='bbox 1017 646 1181 677; x_wconf 82' lang='lat' dir='ltr'>consulere</span> <span class='ocrx_word' id='word_1_101' title='bbox 1200 645 1314 683; x_wconf 74' lang='lat' dir='ltr'>vellet,</span> <span class='ocrx_word' id='word_1_102' title='bbox 1339 651 1370 676; x_wconf 92' lang='lat' dir='ltr'>et</span> <span class='ocrx_word' id='word_1_103' title='bbox 1390 657 1541 689; x_wconf 81' lang='lat' dir='ltr'>quaerere</span> <span class='ocrx_word' id='word_1_104' title='bbox 1564 652 1670 677; x_wconf 88' lang='lat' dir='ltr'>utrum</span> <span class='ocrx_word' id='word_1_105' title='bbox 1701 657 1806 678; x_wconf 77' lang='lat' dir='ltr'>versus</span> <span class='ocrx_word' id='word_1_106' title='bbox 1834 648 1886 679; x_wconf 87' lang='lat' dir='ltr'>isti</span> <span class='ocrx_word' id='word_1_107' title='bbox 1916 648 1974 678; x_wconf 87' lang='lat' dir='ltr'>ad-</span> 
     </span>
     <span class='ocr_line' id='line_1_10' title="bbox 302 704 1973 747; baseline 0 -10"><span class='ocrx_word' id='word_1_108' title='bbox 302 706 407 738; x_wconf 86' lang='lat' dir='ltr'>diticii</span> <span class='ocrx_word' id='word_1_109' title='bbox 430 706 475 738; x_wconf 91' lang='lat' dir='ltr'>ibi</span> <span class='ocrx_word' id='word_1_110' title='bbox 499 706 715 737; x_wconf 68' lang='lat' dir='ltr'>invenirentur</span> <span class='ocrx_word' id='word_1_111' title='bbox 739 717 798 737; x_wconf 90' lang='lat' dir='ltr'>nec</span> <span class='ocrx_word' id='word_1_112' title='bbox 825 716 886 743; x_wconf 86' lang='lat' dir='ltr'>ne;</span> <span class='ocrx_word' id='word_1_113' title='bbox 914 706 959 737; x_wconf 89' lang='lat' dir='ltr'>sic</span> <span class='ocrx_word' id='word_1_114' title='bbox 980 705 1064 736; x_wconf 87' lang='lat' dir='ltr'>enim</span> <span class='ocrx_word' id='word_1_115' title='bbox 1094 715 1161 735; x_wconf 87' lang='lat' dir='ltr'>mea</span> <span class='ocrx_word' id='word_1_116' title='bbox 1190 704 1327 747; x_wconf 85' lang='lat' dir='ltr'>suspicio</span> <span class='ocrx_word' id='word_1_117' title='bbox 1361 705 1424 735; x_wconf 87' lang='lat' dir='ltr'>sive</span> <span class='ocrx_word' id='word_1_118' title='bbox 1447 705 1710 743; x_wconf 85' lang='lat' dir='ltr'>confirmaretur,</span> <span class='ocrx_word' id='word_1_119' title='bbox 1735 705 1799 736; x_wconf 87' lang='lat' dir='ltr'>sive</span> <span class='ocrx_word' id='word_1_120' title='bbox 1822 705 1895 736; x_wconf 85' lang='lat' dir='ltr'>falsa</span> <span class='ocrx_word' id='word_1_121' title='bbox 1917 705 1973 737; x_wconf 88' lang='lat' dir='ltr'>de-</span> 
     </span>
     <span class='ocr_line' id='line_1_11' title="bbox 303 762 1973 807; baseline -0.001 -11"><span class='ocrx_word' id='word_1_122' title='bbox 303 766 486 797; x_wconf 79' lang='lat' dir='ltr'>clararetur.</span> <span class='ocrx_word' id='word_1_123' title='bbox 537 765 575 795; x_wconf 87' lang='lat' dir='ltr'>Et</span> <span class='ocrx_word' id='word_1_124' title='bbox 601 775 707 796; x_wconf 72' lang='lat' dir='ltr'>revera</span> <span class='ocrx_word' id='word_1_125' title='bbox 727 763 805 795; x_wconf 87' lang='lat' dir='ltr'>mihi</span> <span class='ocrx_word' id='word_1_126' title='bbox 826 763 987 807; x_wconf 83' lang='lat' dir='ltr'>respondit</span> <span class='ocrx_word' id='word_1_127' title='bbox 1008 764 1063 794; x_wconf 86' lang='lat' dir='ltr'>Vir</span> <span class='ocrx_word' id='word_1_128' title='bbox 1088 763 1180 794; x_wconf 90' lang='lat' dir='ltr'>Doct.</span> <span class='ocrx_word' id='word_1_129' title='bbox 1197 787 1205 800; x_wconf 92' lang='lat'>,</span> <span class='ocrx_word' id='word_1_130' title='bbox 1232 762 1400 793; x_wconf 88' lang='lat' dir='ltr'>nonnullos</span> <span class='ocrx_word' id='word_1_131' title='bbox 1422 763 1556 794; x_wconf 87' lang='lat' dir='ltr'>istorum</span> <span class='ocrx_word' id='word_1_132' title='bbox 1585 774 1730 795; x_wconf 73' lang='lat' dir='ltr'>versuum</span> <span class='ocrx_word' id='word_1_133' title='bbox 1754 763 1786 794; x_wconf 89' lang='lat' dir='ltr'>iu</span> <span class='ocrx_word' id='word_1_134' title='bbox 1805 762 1973 795; x_wconf 79' lang='lat' dir='ltr'>&#39;Iba—Bas-</span> 
     </span>
     <span class='ocr_line' id='line_1_12' title="bbox 303 821 1972 866; baseline -0.001 -12"><span class='ocrx_word' id='word_1_135' title='bbox 303 825 382 855; x_wconf 62' lang='lat' dir='ltr'>sama·</span> <span class='ocrx_word' id='word_1_136' title='bbox 406 834 500 866; x_wconf 84' lang='lat' dir='ltr'>opere</span> <span class='ocrx_word' id='word_1_137' title='bbox 530 829 671 859; x_wconf 78' lang='lat' dir='ltr'>exstare3</span> <span class='ocrx_word' id='word_1_138' title='bbox 708 828 738 853; x_wconf 81' lang='lat' dir='ltr'>at</span> <span class='ocrx_word' id='word_1_139' title='bbox 773 834 870 865; x_wconf 86' lang='lat' dir='ltr'>quum</span> <span class='ocrx_word' id='word_1_140' title='bbox 895 833 987 865; x_wconf 75' lang='lat' dir='ltr'>pars</span> <span class='ocrx_word' id='word_1_141' title='bbox 1022 827 1142 852; x_wconf 83' lang='lat' dir='ltr'>tantum</span> <span class='ocrx_word' id='word_1_142' title='bbox 1175 821 1277 864; x_wconf 85' lang='lat' dir='ltr'>operis</span> <span class='ocrx_word' id='word_1_143' title='bbox 1307 821 1542 852; x_wconf 69' lang='lat' dir='ltr'>‘Ibn-Bassamz&#39;</span> <span class='ocrx_word' id='word_1_144' title='bbox 1571 821 1686 853; x_wconf 65' lang='lat' dir='ltr'>Osonii</span> <span class='ocrx_word' id='word_1_145' title='bbox 1718 827 1838 859; x_wconf 81' lang='lat' dir='ltr'>exstet,</span> <span class='ocrx_word' id='word_1_146' title='bbox 1865 833 1972 854; x_wconf 88' lang='lat' dir='ltr'>omncs</span> 
     </span>
     <span class='ocr_line' id='line_1_13' title="bbox 303 879 1971 923; baseline -0.001 -10"><span class='ocrx_word' id='word_1_147' title='bbox 303 883 349 913; x_wconf 91' lang='lat' dir='ltr'>illi</span> <span class='ocrx_word' id='word_1_148' title='bbox 371 893 474 912; x_wconf 79' lang='lat' dir='ltr'>versus</span> <span class='ocrx_word' id='word_1_149' title='bbox 494 880 637 912; x_wconf 83' lang='lat' dir='ltr'>additicii</span> <span class='ocrx_word' id='word_1_150' title='bbox 661 882 691 912; x_wconf 87' lang='lat' dir='ltr'>in</span> <span class='ocrx_word' id='word_1_151' title='bbox 717 880 776 912; x_wconf 85' lang='lat' dir='ltr'>hac</span> <span class='ocrx_word' id='word_1_152' title='bbox 799 881 933 911; x_wconf 80' lang='lat' dir='ltr'>inveniri</span> <span class='ocrx_word' id='word_1_153' title='bbox 964 880 1131 923; x_wconf 76' lang='lat' dir='ltr'>probabile</span> <span class='ocrx_word' id='word_1_154' title='bbox 1159 890 1222 911; x_wconf 89' lang='lat' dir='ltr'>non</span> <span class='ocrx_word' id='word_1_155' title='bbox 1247 884 1337 915; x_wconf 85' lang='lat' dir='ltr'>erat,</span> <span class='ocrx_word' id='word_1_156' title='bbox 1364 884 1397 909; x_wconf 84' lang='lat' dir='ltr'>ut</span> <span class='ocrx_word' id='word_1_157' title='bbox 1424 890 1551 922; x_wconf 85' lang='lat' dir='ltr'>quoque</span> <span class='ocrx_word' id='word_1_158' title='bbox 1576 880 1699 911; x_wconf 90' lang='lat' dir='ltr'>monuit</span> <span class='ocrx_word' id='word_1_159' title='bbox 1730 880 1849 910; x_wconf 87' lang='lat' dir='ltr'>amicus</span> <span class='ocrx_word' id='word_1_160' title='bbox 1877 879 1971 912; x_wconf 85' lang='lat' dir='ltr'>Doct.</span> 
     </span>
     <span class='ocr_line' id='line_1_14' title="bbox 303 936 1972 983; baseline -0.002 -12"><span class='ocrx_word' id='word_1_161' title='bbox 303 941 347 971; x_wconf 79' lang='lat' dir='ltr'>Ex</span> <span class='ocrx_word' id='word_1_162' title='bbox 375 946 464 983; x_wconf 87' lang='lat' dir='ltr'>parte</span> <span class='ocrx_word' id='word_1_163' title='bbox 494 940 589 982; x_wconf 80' lang='lat' dir='ltr'>igitur</span> <span class='ocrx_word' id='word_1_164' title='bbox 619 951 688 970; x_wconf 87' lang='lat' dir='ltr'>mea</span> <span class='ocrx_word' id='word_1_165' title='bbox 720 939 857 981; x_wconf 83' lang='lat' dir='ltr'>suspicio</span> <span class='ocrx_word' id='word_1_166' title='bbox 889 945 934 970; x_wconf 84' lang='lat' dir='ltr'>est</span> <span class='ocrx_word' id='word_1_167' title='bbox 965 938 1171 975; x_wconf 83' lang='lat' dir='ltr'>confirmata,</span> <span class='ocrx_word' id='word_1_168' title='bbox 1196 943 1228 968; x_wconf 88' lang='lat' dir='ltr'>et</span> <span class='ocrx_word' id='word_1_169' title='bbox 1250 937 1373 968; x_wconf 81' lang='lat' dir='ltr'>accedit</span> <span class='ocrx_word' id='word_1_170' title='bbox 1402 937 1486 980; x_wconf 89' lang='lat' dir='ltr'>quod</span> <span class='ocrx_word' id='word_1_171' title='bbox 1519 938 1550 967; x_wconf 89' lang='lat' dir='ltr'>in</span> <span class='ocrx_word' id='word_1_172' title='bbox 1584 936 1644 968; x_wconf 84' lang='lat' dir='ltr'>hoc</span> <span class='ocrx_word' id='word_1_173' title='bbox 1674 937 1712 968; x_wconf 87' lang='lat' dir='ltr'>de</span> <span class='ocrx_word' id='word_1_174' title='bbox 1734 937 1972 968; x_wconf 79' lang='lat' dir='ltr'>·al-Mo=t&#39;amid0</span> 
     </span>
     <span class='ocr_line' id='line_1_15' title="bbox 302 994 1972 1041; baseline -0.001 -13"><span class='ocrx_word' id='word_1_175' title='bbox 302 999 423 1041; x_wconf 77' lang='lat' dir='ltr'>capite,</span> <span class='ocrx_word' id='word_1_176' title='bbox 451 1010 548 1029; x_wconf 86' lang='lat' dir='ltr'>unum</span> <span class='ocrx_word' id='word_1_177' title='bbox 579 1008 706 1040; x_wconf 87' lang='lat' dir='ltr'>quoque</span> <span class='ocrx_word' id='word_1_178' title='bbox 741 998 771 1028; x_wconf 91' lang='lat' dir='ltr'>in</span> <span class='ocrx_word' id='word_1_179' title='bbox 801 997 866 1030; x_wconf 83' lang='lat' dir='ltr'>MS.</span> <span class='ocrx_word' id='word_1_180' title='bbox 894 998 931 1029; x_wconf 83' lang='lat' dir='ltr'>A.</span> <span class='ocrx_word' id='word_1_181' title='bbox 960 997 999 1038; x_wconf 86' lang='grc' dir='ltr'>(Ι.</span> <span class='ocrx_word' id='word_1_182' title='bbox 1038 1008 1070 1039; x_wconf 90' lang='lat' dir='ltr'>p.</span> <span class='ocrx_word' id='word_1_183' title='bbox 1095 998 1148 1037; x_wconf 84' lang='lat'>47)</span> <span class='ocrx_word' id='word_1_184' title='bbox 1175 1002 1272 1027; x_wconf 73' lang='lat' dir='ltr'>exstet</span> <span class='ocrx_word' id='word_1_185' title='bbox 1303 1006 1450 1033; x_wconf 86' lang='lat' dir='ltr'>carmen,</span> <span class='ocrx_word' id='word_1_186' title='bbox 1477 994 1561 1038; x_wconf 89' lang='lat' dir='ltr'>quod</span> <span class='ocrx_word' id='word_1_187' title='bbox 1590 995 1621 1026; x_wconf 87' lang='lat' dir='ltr'>in</span> <span class='ocrx_word' id='word_1_188' title='bbox 1652 994 1740 1026; x_wconf 87' lang='lat' dir='ltr'>nullo</span> <span class='ocrx_word' id='word_1_189' title='bbox 1771 995 1832 1025; x_wconf 90' lang='lat' dir='ltr'>alio</span> <span class='ocrx_word' id='word_1_190' title='bbox 1854 995 1972 1027; x_wconf 84' lang='lat' dir='ltr'>Codice</span> 
     </span>
     <span class='ocr_line' id='line_1_16' title="bbox 301 1050 1972 1101; baseline -0.002 -13"><span class='ocrx_word' id='word_1_191' title='bbox 301 1058 460 1100; x_wconf 82' lang='lat' dir='ltr'>reperitur</span> <span class='ocrx_word' id='word_1_192' title='bbox 475 1082 482 1094; x_wconf 86' lang='lat'><em>‚</em></span> <span class='ocrx_word' id='word_1_193' title='bbox 508 1063 538 1087; x_wconf 89' lang='lat' dir='ltr'>et</span> <span class='ocrx_word' id='word_1_194' title='bbox 557 1056 609 1086; x_wconf 85' lang='lat' dir='ltr'>cui</span> <span class='ocrx_word' id='word_1_195' title='bbox 631 1056 662 1086; x_wconf 90' lang='lat' dir='ltr'>in</span> <span class='ocrx_word' id='word_1_196' title='bbox 684 1056 826 1097; x_wconf 81' lang='lat' dir='ltr'>margine</span> <span class='ocrx_word' id='word_1_197' title='bbox 845 1055 922 1086; x_wconf 88' lang='lat' dir='ltr'>haec</span> <span class='ocrx_word' id='word_1_198' title='bbox 944 1054 1049 1086; x_wconf 85' lang='lat' dir='ltr'>addita</span> <span class='ocrx_word' id='word_1_199' title='bbox 1068 1061 1112 1086; x_wconf 87' lang='lat' dir='ltr'>est</span> <span class='ocrx_word' id='word_1_200' title='bbox 1134 1055 1315 1086; x_wconf 75' lang='lat' dir='ltr'>annotatio:</span> <span class='ocrx_word' id='word_1_201' title='bbox 1342 1053 1432 1092; x_wconf 49' lang='lat' dir='ltr'>„Reddi</span> <span class='ocrx_word' id='word_1_202' title='bbox 1451 1059 1506 1098; x_wconf 39' lang='grc' dir='ltr'>ὥς·</span> <span class='ocrx_word' id='word_1_203' title='bbox 1528 1065 1575 1101; x_wconf 44' lang='grc' dir='ltr'>φρ</span> <span class='ocrx_word' id='word_1_204' title='bbox 1600 1053 1669 1099; x_wconf 42' lang='grc'><strong>5351</strong></span> <span class='ocrx_word' id='word_1_205' title='bbox 1691 1052 1747 1100; x_wconf 43' lang='lat' dir='ltr'>&amp;jz</span> <span class='ocrx_word' id='word_1_206' title='bbox 1766 1052 1857 1098; x_wconf 46' lang='lat'>524&#39;425</span> <span class='ocrx_word' id='word_1_207' title='bbox 1885 1050 1972 1100; x_wconf 35' lang='grc' dir='ltr'>ὠμῇ</span> 
     </span>
     <span class='ocr_line' id='line_1_17' title="bbox 302 1112 1970 1159; baseline -0.001 -11"><span class='ocrx_word' id='word_1_208' title='bbox 302 1129 337 1148; x_wconf 81' lang='lat' dir='ltr'>ex</span> <span class='ocrx_word' id='word_1_209' title='bbox 361 1117 422 1159; x_wconf 64' lang='lat' dir='ltr'>quai</span> <span class='ocrx_word' id='word_1_210' title='bbox 446 1117 542 1159; x_wconf 80' lang='lat' dir='ltr'>igitur</span> <span class='ocrx_word' id='word_1_211' title='bbox 564 1121 671 1159; x_wconf 84' lang='lat' dir='ltr'>patet,</span> <span class='ocrx_word' id='word_1_212' title='bbox 698 1116 864 1146; x_wconf 85' lang='lat' dir='ltr'>librarium</span> <span class='ocrx_word' id='word_1_213' title='bbox 887 1116 918 1147; x_wconf 90' lang='lat' dir='ltr'>in</span> <span class='ocrx_word' id='word_1_214' title='bbox 944 1127 1020 1153; x_wconf 89' lang='lat' dir='ltr'>suo,</span> <span class='ocrx_word' id='word_1_215' title='bbox 1047 1114 1132 1158; x_wconf 85' lang='lat' dir='ltr'>quod</span> <span class='ocrx_word' id='word_1_216' title='bbox 1167 1112 1386 1151; x_wconf 84' lang='lat' dir='ltr'>describebat,</span> <span class='ocrx_word' id='word_1_217' title='bbox 1412 1112 1609 1156; x_wconf 74' lang='lat' dir='ltr'>archetypo,</span> <span class='ocrx_word' id='word_1_218' title='bbox 1636 1112 1715 1143; x_wconf 85' lang='lat' dir='ltr'>illud</span> <span class='ocrx_word' id='word_1_219' title='bbox 1747 1124 1873 1144; x_wconf 89' lang='lat' dir='ltr'>carmen</span> <span class='ocrx_word' id='word_1_220' title='bbox 1907 1125 1970 1146; x_wconf 91' lang='lat' dir='ltr'>non</span> 
     </span>
     <span class='ocr_line' id='line_1_18' title="bbox 303 1170 1970 1218; baseline -0.002 -11"><span class='ocrx_word' id='word_1_221' title='bbox 303 1176 456 1218; x_wconf 78' lang='lat' dir='ltr'>reperisse</span> <span class='ocrx_word' id='word_1_222' title='bbox 472 1199 480 1212; x_wconf 93' lang='lat'>,</span> <span class='ocrx_word' id='word_1_223' title='bbox 505 1174 556 1205; x_wconf 88' lang='lat' dir='ltr'>sed</span> <span class='ocrx_word' id='word_1_224' title='bbox 577 1173 704 1204; x_wconf 78' lang='lat' dir='ltr'>aliunde</span> <span class='ocrx_word' id='word_1_225' title='bbox 728 1173 947 1216; x_wconf 79' lang='lat' dir='ltr'>depromsisse.</span> <span class='ocrx_word' id='word_1_226' title='bbox 995 1174 1077 1205; x_wconf 75' lang='lat' dir='ltr'>Tuto</span> <span class='ocrx_word' id='word_1_227' title='bbox 1097 1173 1194 1215; x_wconf 81' lang='lat' dir='ltr'>igitur</span> <span class='ocrx_word' id='word_1_228' title='bbox 1217 1183 1339 1203; x_wconf 88' lang='lat' dir='ltr'>sumere</span> <span class='ocrx_word' id='word_1_229' title='bbox 1362 1182 1526 1214; x_wconf 80' lang='lat' dir='ltr'>possumus</span> <span class='ocrx_word' id='word_1_230' title='bbox 1542 1195 1549 1209; x_wconf 94' lang='lat'>‚</span> <span class='ocrx_word' id='word_1_231' title='bbox 1576 1170 1647 1201; x_wconf 90' lang='lat' dir='ltr'>illos</span> <span class='ocrx_word' id='word_1_232' title='bbox 1667 1181 1772 1202; x_wconf 71' lang='lat' dir='ltr'>versus</span> <span class='ocrx_word' id='word_1_233' title='bbox 1801 1171 1970 1203; x_wconf 85' lang='lat' dir='ltr'>additicios</span> 
     </span>
     <span class='ocr_line' id='line_1_19' title="bbox 300 1227 1971 1275; baseline -0.002 -10"><span class='ocrx_word' id='word_1_234' title='bbox 300 1245 364 1265; x_wconf 89' lang='lat' dir='ltr'>non</span> <span class='ocrx_word' id='word_1_235' title='bbox 392 1233 431 1264; x_wconf 86' lang='lat' dir='ltr'>ab</span> <span class='ocrx_word' id='word_1_236' title='bbox 462 1233 530 1275; x_wconf 89' lang='lat' dir='ltr'>ipso</span> <span class='ocrx_word' id='word_1_237' title='bbox 556 1227 764 1274; x_wconf 73' lang='lat' dir='ltr'>&#39;Ibn—Caqane</span> <span class='ocrx_word' id='word_1_238' title='bbox 796 1232 890 1263; x_wconf 85' lang='lat' dir='ltr'>fuisse</span> <span class='ocrx_word' id='word_1_239' title='bbox 915 1231 1113 1274; x_wconf 80' lang='lat' dir='ltr'>descriptos;</span> <span class='ocrx_word' id='word_1_240' title='bbox 1142 1236 1172 1261; x_wconf 89' lang='lat' dir='ltr'>et</span> <span class='ocrx_word' id='word_1_241' title='bbox 1200 1230 1349 1273; x_wconf 84' lang='lat' dir='ltr'>quoniam</span> <span class='ocrx_word' id='word_1_242' title='bbox 1381 1228 1442 1260; x_wconf 90' lang='lat' dir='ltr'>hoc</span> <span class='ocrx_word' id='word_1_243' title='bbox 1474 1229 1554 1261; x_wconf 86' lang='lat' dir='ltr'>mihi</span> <span class='ocrx_word' id='word_1_244' title='bbox 1585 1235 1652 1260; x_wconf 89' lang='lat' dir='ltr'>erat</span> <span class='ocrx_word' id='word_1_245' title='bbox 1682 1229 1903 1272; x_wconf 88' lang='lat' dir='ltr'>propositum,</span> <span class='ocrx_word' id='word_1_246' title='bbox 1935 1237 1971 1262; x_wconf 90' lang='lat' dir='ltr'>ut</span> 
     </span>
     <span class='ocr_line' id='line_1_20' title="bbox 300 1285 1969 1334; baseline -0.001 -12"><span class='ocrx_word' id='word_1_247' title='bbox 300 1303 414 1334; x_wconf 89' lang='lat' dir='ltr'>nempe</span> <span class='ocrx_word' id='word_1_248' title='bbox 447 1295 573 1321; x_wconf 73' lang='lat' dir='ltr'>texlum</span> <span class='ocrx_word' id='word_1_249' title='bbox 603 1285 832 1332; x_wconf 66' lang='lat' dir='ltr'>Ibn—Cc‘z&#39;qc‘mis</span> <span class='ocrx_word' id='word_1_250' title='bbox 863 1289 1008 1332; x_wconf 72' lang='lat' dir='ltr'>religiose</span> <span class='ocrx_word' id='word_1_251' title='bbox 1039 1289 1188 1325; x_wconf 84' lang='lat' dir='ltr'>ederem,</span> <span class='ocrx_word' id='word_1_252' title='bbox 1226 1287 1358 1318; x_wconf 86' lang='lat' dir='ltr'>minime</span> <span class='ocrx_word' id='word_1_253' title='bbox 1390 1298 1464 1318; x_wconf 85' lang='lat' dir='ltr'>vero</span> <span class='ocrx_word' id='word_1_254' title='bbox 1492 1287 1698 1319; x_wconf 84' lang='lat' dir='ltr'>librariorum</span> <span class='ocrx_word' id='word_1_255' title='bbox 1735 1287 1969 1328; x_wconf 90' lang='lat' dir='ltr'>additamenta,</span> 
     </span>
     <span class='ocr_line' id='line_1_21' title="bbox 300 1345 1968 1383; baseline -0.001 -2"><span class='ocrx_word' id='word_1_256' title='bbox 300 1361 404 1381; x_wconf 70' lang='lat' dir='ltr'>versus</span> <span class='ocrx_word' id='word_1_257' title='bbox 424 1349 475 1380; x_wconf 87' lang='lat' dir='ltr'>isti</span> <span class='ocrx_word' id='word_1_258' title='bbox 496 1355 584 1380; x_wconf 90' lang='lat' dir='ltr'>erant</span> <span class='ocrx_word' id='word_1_259' title='bbox 605 1348 784 1380; x_wconf 86' lang='lat' dir='ltr'>omittendi.</span> <span class='ocrx_word' id='word_1_260' title='bbox 831 1347 894 1379; x_wconf 88' lang='lat' dir='ltr'>Sed</span> <span class='ocrx_word' id='word_1_261' title='bbox 914 1347 1057 1378; x_wconf 87' lang='lat' dir='ltr'>monebis</span> <span class='ocrx_word' id='word_1_262' title='bbox 1082 1346 1211 1377; x_wconf 83' lang='lat' dir='ltr'>sortasse</span> <span class='ocrx_word' id='word_1_263' title='bbox 1227 1369 1235 1383; x_wconf 93' lang='lat'><em>‚</em></span> <span class='ocrx_word' id='word_1_264' title='bbox 1263 1346 1337 1377; x_wconf 81' lang='lat' dir='ltr'>istos</span> <span class='ocrx_word' id='word_1_265' title='bbox 1357 1351 1461 1377; x_wconf 87' lang='lat' dir='ltr'>tamen</span> <span class='ocrx_word' id='word_1_266' title='bbox 1484 1345 1515 1377; x_wconf 89' lang='lat' dir='ltr'>in</span> <span class='ocrx_word' id='word_1_267' title='bbox 1540 1345 1622 1377; x_wconf 87' lang='lat' dir='ltr'>notis</span> <span class='ocrx_word' id='word_1_268' title='bbox 1643 1345 1739 1378; x_wconf 89' lang='lat' dir='ltr'>fuisse</span> <span class='ocrx_word' id='word_1_269' title='bbox 1763 1346 1968 1382; x_wconf 71' lang='lat' dir='ltr'>exhibendos.</span> 
     </span>
     <span class='ocr_line' id='line_1_22' title="bbox 302 1404 1969 1449; baseline -0.001 -10"><span class='ocrx_word' id='word_1_270' title='bbox 302 1409 387 1449; x_wconf 80' lang='lat' dir='ltr'>Quae</span> <span class='ocrx_word' id='word_1_271' title='bbox 414 1407 490 1438; x_wconf 92' lang='lat' dir='ltr'>huic</span> <span class='ocrx_word' id='word_1_272' title='bbox 518 1407 563 1438; x_wconf 92' lang='lat' dir='ltr'>rei</span> <span class='ocrx_word' id='word_1_273' title='bbox 586 1406 752 1438; x_wconf 82' lang='lat' dir='ltr'>obstabant</span> <span class='ocrx_word' id='word_1_274' title='bbox 781 1417 914 1443; x_wconf 88' lang='lat' dir='ltr'>causae,</span> <span class='ocrx_word' id='word_1_275' title='bbox 940 1411 1011 1436; x_wconf 83' lang='lat' dir='ltr'>sunt</span> <span class='ocrx_word' id='word_1_276' title='bbox 1043 1405 1160 1436; x_wconf 81' lang='lat' dir='ltr'>multae</span> <span class='ocrx_word' id='word_1_277' title='bbox 1189 1411 1220 1436; x_wconf 84' lang='lat' dir='ltr'>et</span> <span class='ocrx_word' id='word_1_278' title='bbox 1252 1404 1462 1447; x_wconf 84' lang='lat' dir='ltr'>gravissimae.</span> <span class='ocrx_word' id='word_1_279' title='bbox 1511 1404 1546 1436; x_wconf 89' lang='lat' dir='ltr'>Si</span> <span class='ocrx_word' id='word_1_280' title='bbox 1577 1404 1663 1436; x_wconf 88' lang='lat' dir='ltr'>enim</span> <span class='ocrx_word' id='word_1_281' title='bbox 1692 1404 1769 1436; x_wconf 84' lang='lat' dir='ltr'>tales</span> <span class='ocrx_word' id='word_1_282' title='bbox 1802 1416 1907 1437; x_wconf 73' lang='lat' dir='ltr'>versus</span> <span class='ocrx_word' id='word_1_283' title='bbox 1937 1407 1969 1437; x_wconf 90' lang='lat' dir='ltr'>in</span> 
     </span>
     <span class='ocr_line' id='line_1_23' title="bbox 299 1462 1969 1508; baseline -0.001 -10"><span class='ocrx_word' id='word_1_284' title='bbox 299 1468 373 1498; x_wconf 84' lang='lat' dir='ltr'>solo</span> <span class='ocrx_word' id='word_1_285' title='bbox 400 1467 440 1498; x_wconf 80' lang='lat' dir='ltr'>A.</span> <span class='ocrx_word' id='word_1_286' title='bbox 463 1471 603 1503; x_wconf 78' lang='lat' dir='ltr'>exstant,</span> <span class='ocrx_word' id='word_1_287' title='bbox 628 1465 816 1508; x_wconf 85' lang='lat' dir='ltr'>plerumque</span> <span class='ocrx_word' id='word_1_288' title='bbox 845 1464 1005 1495; x_wconf 83' lang='lat' dir='ltr'>adduntur</span> <span class='ocrx_word' id='word_1_289' title='bbox 1030 1465 1065 1494; x_wconf 78' lang='lat' dir='ltr'>in</span> <span class='ocrx_word' id='word_1_290' title='bbox 1092 1464 1273 1506; x_wconf 68' lang='lat' dir='ltr'>margine,</span> <span class='ocrx_word' id='word_1_291' title='bbox 1305 1469 1335 1494; x_wconf 91' lang='lat' dir='ltr'>et</span> <span class='ocrx_word' id='word_1_292' title='bbox 1372 1462 1478 1495; x_wconf 79' lang='lat' dir='ltr'>Codex</span> <span class='ocrx_word' id='word_1_293' title='bbox 1506 1463 1658 1506; x_wconf 87' lang='lat' dir='ltr'>temporis</span> <span class='ocrx_word' id='word_1_294' title='bbox 1687 1463 1836 1495; x_wconf 78' lang='lat' dir='ltr'>iniuriam</span> <span class='ocrx_word' id='word_1_295' title='bbox 1864 1471 1969 1496; x_wconf 79' lang='lat' dir='ltr'>tanto-</span> 
     </span>
     <span class='ocr_line' id='line_1_24' title="bbox 301 1521 1966 1569; baseline -0.001 -13"><span class='ocrx_word' id='word_1_296' title='bbox 301 1537 375 1569; x_wconf 86' lang='lat' dir='ltr'>pere</span> <span class='ocrx_word' id='word_1_297' title='bbox 400 1535 505 1568; x_wconf 86' lang='lat' dir='ltr'>passus</span> <span class='ocrx_word' id='word_1_298' title='bbox 531 1529 596 1560; x_wconf 84' lang='lat' dir='ltr'>est,</span> <span class='ocrx_word' id='word_1_299' title='bbox 622 1529 657 1554; x_wconf 92' lang='lat' dir='ltr'>ut</span> <span class='ocrx_word' id='word_1_300' title='bbox 686 1524 808 1566; x_wconf 84' lang='lat' dir='ltr'>saepius</span> <span class='ocrx_word' id='word_1_301' title='bbox 835 1535 869 1554; x_wconf 80' lang='lat' dir='ltr'>ex</span> <span class='ocrx_word' id='word_1_302' title='bbox 900 1521 1039 1554; x_wconf 74' lang='lat' dir='ltr'>versibus</span> <span class='ocrx_word' id='word_1_303' title='bbox 1068 1522 1296 1565; x_wconf 75' lang='lat' dir='ltr'>marginalibus</span> <span class='ocrx_word' id='word_1_304' title='bbox 1323 1533 1361 1553; x_wconf 88' lang='lat' dir='ltr'>ne</span> <span class='ocrx_word' id='word_1_305' title='bbox 1391 1533 1452 1553; x_wconf 86' lang='lat' dir='ltr'>una</span> <span class='ocrx_word' id='word_1_306' title='bbox 1478 1521 1606 1565; x_wconf 88' lang='lat' dir='ltr'>quidem</span> <span class='ocrx_word' id='word_1_307' title='bbox 1638 1521 1730 1553; x_wconf 85' lang='lat' dir='ltr'>litera</span> <span class='ocrx_word' id='word_1_308' title='bbox 1759 1521 1819 1565; x_wconf 83' lang='lat' dir='ltr'>legi</span> <span class='ocrx_word' id='word_1_309' title='bbox 1843 1524 1966 1566; x_wconf 78' lang='lat' dir='ltr'>possit;</span> 
     </span>
     <span class='ocr_line' id='line_1_25' title="bbox 302 1579 1969 1627; baseline -0.001 -12"><span class='ocrx_word' id='word_1_310' title='bbox 302 1584 358 1616; x_wconf 83' lang='lat' dir='ltr'>hos</span> <span class='ocrx_word' id='word_1_311' title='bbox 378 1584 474 1627; x_wconf 78' lang='lat' dir='ltr'>igitur</span> <span class='ocrx_word' id='word_1_312' title='bbox 499 1582 611 1618; x_wconf 78' lang='lat' dir='ltr'>edere,</span> <span class='ocrx_word' id='word_1_313' title='bbox 634 1581 726 1624; x_wconf 88' lang='lat' dir='ltr'>plane</span> <span class='ocrx_word' id='word_1_314' title='bbox 754 1587 799 1612; x_wconf 89' lang='lat' dir='ltr'>est</span> <span class='ocrx_word' id='word_1_315' title='bbox 821 1581 1003 1616; x_wconf 55' lang='grc' dir='ltr'>(ὶδώνατονς</span> <span class='ocrx_word' id='word_1_316' title='bbox 1032 1579 1146 1611; x_wconf 86' lang='lat' dir='ltr'>deinde</span> <span class='ocrx_word' id='word_1_317' title='bbox 1174 1592 1317 1623; x_wconf 73' lang='lat' dir='ltr'>quonam</span> <span class='ocrx_word' id='word_1_318' title='bbox 1345 1581 1467 1612; x_wconf 64' lang='lat' dir='ltr'>ordine</span> <span class='ocrx_word' id='word_1_319' title='bbox 1497 1580 1559 1611; x_wconf 91' lang='lat' dir='ltr'>sint</span> <span class='ocrx_word' id='word_1_320' title='bbox 1586 1579 1747 1623; x_wconf 89' lang='lat' dir='ltr'>ponendi,</span> <span class='ocrx_word' id='word_1_321' title='bbox 1773 1592 1864 1624; x_wconf 86' lang='lat' dir='ltr'>saepe</span> <span class='ocrx_word' id='word_1_322' title='bbox 1883 1582 1969 1613; x_wconf 88' lang='lat' dir='ltr'>diiu-</span> 
     </span>
     <span class='ocr_line' id='line_1_26' title="bbox 302 1638 1971 1683; baseline -0.002 -9"><span class='ocrx_word' id='word_1_323' title='bbox 302 1644 408 1674; x_wconf 85' lang='lat' dir='ltr'>dicare</span> <span class='ocrx_word' id='word_1_324' title='bbox 435 1652 496 1672; x_wconf 91' lang='lat' dir='ltr'>non</span> <span class='ocrx_word' id='word_1_325' title='bbox 518 1646 628 1683; x_wconf 84' lang='lat' dir='ltr'>potes;</span> <span class='ocrx_word' id='word_1_326' title='bbox 656 1651 727 1671; x_wconf 90' lang='lat' dir='ltr'>nam</span> <span class='ocrx_word' id='word_1_327' title='bbox 758 1650 850 1682; x_wconf 86' lang='lat' dir='ltr'>saepe</span> <span class='ocrx_word' id='word_1_328' title='bbox 880 1638 1039 1669; x_wconf 87' lang='lat' dir='ltr'>adduntur</span> <span class='ocrx_word' id='word_1_329' title='bbox 1069 1645 1134 1669; x_wconf 88' lang='lat' dir='ltr'>tum</span> <span class='ocrx_word' id='word_1_330' title='bbox 1170 1638 1201 1669; x_wconf 92' lang='lat' dir='ltr'>in</span> <span class='ocrx_word' id='word_1_331' title='bbox 1231 1639 1372 1681; x_wconf 85' lang='lat' dir='ltr'>margine</span> <span class='ocrx_word' id='word_1_332' title='bbox 1401 1639 1584 1683; x_wconf 87' lang='lat' dir='ltr'>superiore,</span> <span class='ocrx_word' id='word_1_333' title='bbox 1611 1644 1678 1670; x_wconf 88' lang='lat' dir='ltr'>tum</span> <span class='ocrx_word' id='word_1_334' title='bbox 1703 1638 1877 1678; x_wconf 84' lang='lat' dir='ltr'>inferiore,</span> <span class='ocrx_word' id='word_1_335' title='bbox 1904 1646 1971 1672; x_wconf 85' lang='lat' dir='ltr'>tum</span> 
     </span>
     <span class='ocr_line' id='line_1_27' title="bbox 302 1695 1970 1741; baseline -0.005 -8"><span class='ocrx_word' id='word_1_336' title='bbox 302 1701 433 1738; x_wconf 70' lang='lat' dir='ltr'>dextra,</span> <span class='ocrx_word' id='word_1_337' title='bbox 460 1706 525 1730; x_wconf 88' lang='lat' dir='ltr'>tum</span> <span class='ocrx_word' id='word_1_338' title='bbox 546 1698 669 1729; x_wconf 59' lang='lat' dir='ltr'>sinistra</span> <span class='ocrx_word' id='word_1_339' title='bbox 685 1723 692 1736; x_wconf 92' lang='lat'><strong>,</strong></span> <span class='ocrx_word' id='word_1_340' title='bbox 721 1698 762 1730; x_wconf 90' lang='lat' dir='ltr'>ita</span> <span class='ocrx_word' id='word_1_341' title='bbox 785 1703 819 1728; x_wconf 92' lang='lat' dir='ltr'>ut</span> <span class='ocrx_word' id='word_1_342' title='bbox 842 1703 906 1728; x_wconf 81' lang='lat' dir='ltr'>tota</span> <span class='ocrx_word' id='word_1_343' title='bbox 932 1707 1038 1740; x_wconf 82' lang='lat' dir='ltr'>margo</span> <span class='ocrx_word' id='word_1_344' title='bbox 1063 1696 1201 1728; x_wconf 77' lang='lat' dir='ltr'>versibus</span> <span class='ocrx_word' id='word_1_345' title='bbox 1225 1698 1263 1728; x_wconf 89' lang='lat' dir='ltr'>sit</span> <span class='ocrx_word' id='word_1_346' title='bbox 1293 1698 1430 1735; x_wconf 82' lang='lat' dir='ltr'>obruta3</span> <span class='ocrx_word' id='word_1_347' title='bbox 1458 1708 1522 1729; x_wconf 92' lang='lat' dir='ltr'>non</span> <span class='ocrx_word' id='word_1_348' title='bbox 1550 1702 1656 1728; x_wconf 78' lang='lat' dir='ltr'>autem</span> <span class='ocrx_word' id='word_1_349' title='bbox 1687 1695 1868 1736; x_wconf 82' lang='lat' dir='ltr'>indicatur,</span> <span class='ocrx_word' id='word_1_350' title='bbox 1896 1700 1970 1741; x_wconf 79' lang='lat' dir='ltr'>qu³-</span> 
     </span>
     <span class='ocr_line' id='line_1_28' title="bbox 300 1754 1968 1799; baseline -0.002 -8"><span class='ocrx_word' id='word_1_351' title='bbox 300 1761 432 1791; x_wconf 80' lang='lat' dir='ltr'>bosnam</span> <span class='ocrx_word' id='word_1_352' title='bbox 453 1757 592 1788; x_wconf 72' lang='lat' dir='ltr'>versibus</span> <span class='ocrx_word' id='word_1_353' title='bbox 621 1756 742 1798; x_wconf 88' lang='lat' dir='ltr'>primus</span> <span class='ocrx_word' id='word_1_354' title='bbox 766 1755 852 1787; x_wconf 87' lang='lat' dir='ltr'>locus</span> <span class='ocrx_word' id='word_1_355' title='bbox 879 1756 919 1786; x_wconf 83' lang='lat' dir='ltr'>sit</span> <span class='ocrx_word' id='word_1_356' title='bbox 946 1755 1187 1792; x_wconf 71' lang='lat' dir='ltr'>concedenduS,</span> <span class='ocrx_word' id='word_1_357' title='bbox 1213 1762 1243 1787; x_wconf 89' lang='lat' dir='ltr'>et</span> <span class='ocrx_word' id='word_1_358' title='bbox 1273 1757 1427 1788; x_wconf 84' lang='lat' dir='ltr'>sententia</span> <span class='ocrx_word' id='word_1_359' title='bbox 1456 1766 1548 1799; x_wconf 85' lang='lat' dir='ltr'>saepe</span> <span class='ocrx_word' id='word_1_360' title='bbox 1579 1754 1641 1786; x_wconf 85' lang='lat' dir='ltr'>hoc</span> <span class='ocrx_word' id='word_1_361' title='bbox 1668 1766 1732 1786; x_wconf 89' lang='lat' dir='ltr'>non</span> <span class='ocrx_word' id='word_1_362' title='bbox 1763 1755 1968 1789; x_wconf 80' lang='lat' dir='ltr'>demonstrat.</span> 
     </span>
     <span class='ocr_line' id='line_1_29' title="bbox 302 1812 1969 1857; baseline -0.002 -8"><span class='ocrx_word' id='word_1_363' title='bbox 302 1817 461 1850; x_wconf 86' lang='lat' dir='ltr'>Laborant</span> <span class='ocrx_word' id='word_1_364' title='bbox 490 1814 626 1856; x_wconf 84' lang='lat' dir='ltr'>denique</span> <span class='ocrx_word' id='word_1_365' title='bbox 657 1813 690 1844; x_wconf 91' lang='lat' dir='ltr'>hi</span> <span class='ocrx_word' id='word_1_366' title='bbox 723 1824 827 1845; x_wconf 74' lang='lat' dir='ltr'>versus</span> <span class='ocrx_word' id='word_1_367' title='bbox 857 1813 964 1844; x_wconf 87' lang='lat' dir='ltr'>multis</span> <span class='ocrx_word' id='word_1_368' title='bbox 996 1813 1104 1852; x_wconf 80' lang='lat' dir='ltr'>vitiis3</span> <span class='ocrx_word' id='word_1_369' title='bbox 1132 1812 1192 1845; x_wconf 89' lang='lat' dir='ltr'>hoc</span> <span class='ocrx_word' id='word_1_370' title='bbox 1222 1813 1260 1845; x_wconf 85' lang='lat' dir='ltr'>de</span> <span class='ocrx_word' id='word_1_371' title='bbox 1285 1814 1427 1847; x_wconf 84' lang='lat' dir='ltr'>versibus</span> <span class='ocrx_word' id='word_1_372' title='bbox 1453 1814 1525 1845; x_wconf 84' lang='lat' dir='ltr'>solo</span> <span class='ocrx_word' id='word_1_373' title='bbox 1557 1814 1592 1846; x_wconf 77' lang='lat' dir='ltr'>A.</span> <span class='ocrx_word' id='word_1_374' title='bbox 1617 1814 1757 1857; x_wconf 88' lang='lat' dir='ltr'>propriis</span> <span class='ocrx_word' id='word_1_375' title='bbox 1785 1814 1889 1853; x_wconf 77' lang='lat' dir='ltr'>valet,</span> <span class='ocrx_word' id='word_1_376' title='bbox 1915 1814 1969 1846; x_wconf 87' lang='lat' dir='ltr'>sed</span> 
     </span>
     <span class='ocr_line' id='line_1_30' title="bbox 302 1871 1969 1918; baseline -0.001 -11"><span class='ocrx_word' id='word_1_377' title='bbox 302 1874 458 1918; x_wconf 82' lang='lat' dir='ltr'>imprimis</span> <span class='ocrx_word' id='word_1_378' title='bbox 478 1873 515 1904; x_wconf 88' lang='lat' dir='ltr'>de</span> <span class='ocrx_word' id='word_1_379' title='bbox 539 1873 597 1910; x_wconf 83' lang='lat' dir='ltr'>iis,</span> <span class='ocrx_word' id='word_1_380' title='bbox 624 1872 677 1914; x_wconf 86' lang='lat' dir='ltr'>qui</span> <span class='ocrx_word' id='word_1_381' title='bbox 702 1871 732 1903; x_wconf 93' lang='lat' dir='ltr'>in</span> <span class='ocrx_word' id='word_1_382' title='bbox 755 1871 828 1902; x_wconf 81' lang='lat' dir='ltr'>solo</span> <span class='ocrx_word' id='word_1_383' title='bbox 849 1871 887 1903; x_wconf 84' lang='lat' dir='ltr'>B.</span> <span class='ocrx_word' id='word_1_384' title='bbox 911 1879 1053 1910; x_wconf 81' lang='lat' dir='ltr'>exstant3</span> <span class='ocrx_word' id='word_1_385' title='bbox 1082 1873 1111 1903; x_wconf 90' lang='lat' dir='ltr'>in</span> <span class='ocrx_word' id='word_1_386' title='bbox 1146 1872 1194 1903; x_wconf 92' lang='lat' dir='ltr'>his</span> <span class='ocrx_word' id='word_1_387' title='bbox 1225 1873 1312 1905; x_wconf 88' lang='lat' dir='ltr'>enim</span> <span class='ocrx_word' id='word_1_388' title='bbox 1338 1873 1385 1905; x_wconf 82' lang='lat' dir='ltr'>vel</span> <span class='ocrx_word' id='word_1_389' title='bbox 1404 1873 1497 1905; x_wconf 84' lang='lat' dir='ltr'>metri</span> <span class='ocrx_word' id='word_1_390' title='bbox 1526 1872 1609 1915; x_wconf 84' lang='lat' dir='ltr'>leges</span> <span class='ocrx_word' id='word_1_391' title='bbox 1638 1873 1817 1915; x_wconf 86' lang='lat' dir='ltr'>saepissime</span> <span class='ocrx_word' id='word_1_392' title='bbox 1846 1872 1969 1905; x_wconf 77' lang='lat' dir='ltr'>violan-</span> 
     </span>
     <span class='ocr_line' id='line_1_31' title="bbox 303 1929 1968 1975; baseline -0.002 -9"><span class='ocrx_word' id='word_1_393' title='bbox 303 1943 370 1972; x_wconf 85' lang='lat' dir='ltr'>tur,</span> <span class='ocrx_word' id='word_1_394' title='bbox 396 1940 426 1964; x_wconf 87' lang='lat' dir='ltr'>et</span> <span class='ocrx_word' id='word_1_395' title='bbox 449 1932 485 1963; x_wconf 89' lang='lat' dir='ltr'>ad</span> <span class='ocrx_word' id='word_1_396' title='bbox 513 1933 692 1962; x_wconf 87' lang='lat' dir='ltr'>innumeras</span> <span class='ocrx_word' id='word_1_397' title='bbox 722 1930 969 1972; x_wconf 83' lang='lat' dir='ltr'>confugiendum</span> <span class='ocrx_word' id='word_1_398' title='bbox 1001 1937 1047 1962; x_wconf 90' lang='lat' dir='ltr'>est</span> <span class='ocrx_word' id='word_1_399' title='bbox 1079 1931 1298 1969; x_wconf 87' lang='lat' dir='ltr'>coniecturas,</span> <span class='ocrx_word' id='word_1_400' title='bbox 1335 1938 1368 1963; x_wconf 87' lang='lat' dir='ltr'>ut</span> <span class='ocrx_word' id='word_1_401' title='bbox 1398 1937 1499 1963; x_wconf 79' lang='lat' dir='ltr'>textus</span> <span class='ocrx_word' id='word_1_402' title='bbox 1530 1929 1614 1962; x_wconf 87' lang='lat' dir='ltr'>haud</span> <span class='ocrx_word' id='word_1_403' title='bbox 1643 1931 1787 1974; x_wconf 83' lang='lat' dir='ltr'>ineptum</span> <span class='ocrx_word' id='word_1_404' title='bbox 1817 1932 1968 1975; x_wconf 83' lang='lat' dir='ltr'>praebeat</span> 
     </span>
     <span class='ocr_line' id='line_1_32' title="bbox 302 1987 1968 2032; baseline -0.002 -8"><span class='ocrx_word' id='word_1_405' title='bbox 302 2004 445 2029; x_wconf 80' lang='lat' dir='ltr'>sensum,</span> <span class='ocrx_word' id='word_1_406' title='bbox 471 2002 541 2021; x_wconf 93' lang='lat' dir='ltr'>nam</span> <span class='ocrx_word' id='word_1_407' title='bbox 571 1989 609 2020; x_wconf 91' lang='lat' dir='ltr'>de</span> <span class='ocrx_word' id='word_1_408' title='bbox 633 1989 735 2021; x_wconf 79' lang='lat' dir='ltr'>verbis</span> <span class='ocrx_word' id='word_1_409' title='bbox 760 1992 873 2031; x_wconf 73' lang='lat' dir='ltr'>poetae</span> <span class='ocrx_word' id='word_1_410' title='bbox 898 1987 1101 2020; x_wconf 78' lang='lat' dir='ltr'>restituendis</span> <span class='ocrx_word' id='word_1_411' title='bbox 1129 1988 1359 2032; x_wconf 87' lang='lat' dir='ltr'>desperandum</span> <span class='ocrx_word' id='word_1_412' title='bbox 1386 1996 1443 2022; x_wconf 85' lang='lat' dir='ltr'>est.</span> <span class='ocrx_word' id='word_1_413' title='bbox 1490 1990 1519 2021; x_wconf 87' lang='lat' dir='ltr'>li</span> <span class='ocrx_word' id='word_1_414' title='bbox 1539 1995 1661 2020; x_wconf 92' lang='lat' dir='ltr'>tantum</span> <span class='ocrx_word' id='word_1_415' title='bbox 1687 1999 1810 2027; x_wconf 61' lang='lat' dir='ltr'>ver-sm,</span> <span class='ocrx_word' id='word_1_416' title='bbox 1835 2000 1968 2021; x_wconf 88' lang='lat' dir='ltr'>numero</span> 
     </span>
     <span class='ocr_line' id='line_1_33' title="bbox 301 2046 1967 2095; baseline -0.002 -12"><span class='ocrx_word' id='word_1_417' title='bbox 301 2050 475 2095; x_wconf 81' lang='lat' dir='ltr'>perpauci,</span> <span class='ocrx_word' id='word_1_418' title='bbox 501 2049 555 2091; x_wconf 91' lang='lat' dir='ltr'>qui</span> <span class='ocrx_word' id='word_1_419' title='bbox 576 2049 607 2079; x_wconf 90' lang='lat' dir='ltr'>in</span> <span class='ocrx_word' id='word_1_420' title='bbox 627 2049 699 2079; x_wconf 82' lang='lat' dir='ltr'>solo</span> <span class='ocrx_word' id='word_1_421' title='bbox 720 2047 798 2084; x_wconf 87' lang='lat' dir='ltr'>Ga.‚</span> <span class='ocrx_word' id='word_1_422' title='bbox 823 2052 854 2077; x_wconf 89' lang='lat' dir='ltr'>et</span> <span class='ocrx_word' id='word_1_423' title='bbox 874 2046 1003 2089; x_wconf 87' lang='lat' dir='ltr'>quidem</span> <span class='ocrx_word' id='word_1_424' title='bbox 1027 2046 1218 2089; x_wconf 87' lang='lat' dir='ltr'>plerumque</span> <span class='ocrx_word' id='word_1_425' title='bbox 1246 2047 1278 2078; x_wconf 91' lang='lat' dir='ltr'>in</span> <span class='ocrx_word' id='word_1_426' title='bbox 1302 2054 1387 2078; x_wconf 67' lang='lat' dir='ltr'>textu</span> <span class='ocrx_word' id='word_1_427' title='bbox 1405 2071 1412 2084; x_wconf 91' lang='lat'>,</span> <span class='ocrx_word' id='word_1_428' title='bbox 1438 2054 1473 2079; x_wconf 93' lang='lat' dir='ltr'>ut</span> <span class='ocrx_word' id='word_1_429' title='bbox 1495 2057 1622 2090; x_wconf 89' lang='lat' dir='ltr'>quoque</span> <span class='ocrx_word' id='word_1_430' title='bbox 1648 2047 1684 2077; x_wconf 85' lang='lat' dir='ltr'>fit</span> <span class='ocrx_word' id='word_1_431' title='bbox 1707 2046 1737 2077; x_wconf 90' lang='lat' dir='ltr'>iu</span> <span class='ocrx_word' id='word_1_432' title='bbox 1762 2046 1795 2077; x_wconf 86' lang='lat' dir='ltr'>B.</span> <span class='ocrx_word' id='word_1_433' title='bbox 1813 2071 1820 2084; x_wconf 93' lang='lat'><em>,</em></span> <span class='ocrx_word' id='word_1_434' title='bbox 1845 2047 1967 2079; x_wconf 83' lang='lat' dir='ltr'>addun-</span> 
     </span>
     <span class='ocr_line' id='line_1_34' title="bbox 303 2104 1966 2149; baseline -0.001 -10"><span class='ocrx_word' id='word_1_435' title='bbox 303 2117 352 2140; x_wconf 80' lang='lat' dir='ltr'>tur</span> <span class='ocrx_word' id='word_1_436' title='bbox 368 2132 376 2146; x_wconf 89' lang='lat'><em>,</em></span> <span class='ocrx_word' id='word_1_437' title='bbox 401 2108 474 2139; x_wconf 82' lang='lat' dir='ltr'>satis</span> <span class='ocrx_word' id='word_1_438' title='bbox 496 2106 575 2137; x_wconf 87' lang='lat' dir='ltr'>bene</span> <span class='ocrx_word' id='word_1_439' title='bbox 594 2111 723 2149; x_wconf 83' lang='lat' dir='ltr'>possunt</span> <span class='ocrx_word' id='word_1_440' title='bbox 741 2104 792 2136; x_wconf 88' lang='lat' dir='ltr'>edi</span> <span class='ocrx_word' id='word_1_441' title='bbox 806 2114 824 2144; x_wconf 62' lang='lat'>3*</span> <span class='ocrx_word' id='word_1_442' title='bbox 842 2111 873 2136; x_wconf 83' lang='lat' dir='ltr'>at</span> <span class='ocrx_word' id='word_1_443' title='bbox 895 2116 993 2148; x_wconf 86' lang='lat' dir='ltr'>quum</span> <span class='ocrx_word' id='word_1_444' title='bbox 1016 2105 1155 2147; x_wconf 83' lang='lat' dir='ltr'>reliquos</span> <span class='ocrx_word' id='word_1_445' title='bbox 1180 2116 1243 2136; x_wconf 90' lang='lat' dir='ltr'>non</span> <span class='ocrx_word' id='word_1_446' title='bbox 1265 2104 1421 2136; x_wconf 87' lang='lat' dir='ltr'>ediderim</span> <span class='ocrx_word' id='word_1_447' title='bbox 1436 2129 1443 2139; x_wconf 86' lang='lat'>‚</span> <span class='ocrx_word' id='word_1_448' title='bbox 1468 2104 1500 2136; x_wconf 94' lang='lat' dir='ltr'>hi</span> <span class='ocrx_word' id='word_1_449' title='bbox 1521 2115 1649 2147; x_wconf 90' lang='lat' dir='ltr'>quoque</span> <span class='ocrx_word' id='word_1_450' title='bbox 1669 2111 1759 2136; x_wconf 87' lang='lat' dir='ltr'>erant</span> <span class='ocrx_word' id='word_1_451' title='bbox 1784 2104 1966 2137; x_wconf 84' lang='lat' dir='ltr'>omittendi.</span> 
     </span>
     <span class='ocr_line' id='line_1_35' title="bbox 303 2162 1967 2208; baseline -0.001 -11"><span class='ocrx_word' id='word_1_452' title='bbox 303 2166 440 2199; x_wconf 70' lang='lat' dir='ltr'>Verebar</span> <span class='ocrx_word' id='word_1_453' title='bbox 458 2171 620 2208; x_wconf 72' lang='lat' dir='ltr'>praeterea</span> <span class='ocrx_word' id='word_1_454' title='bbox 641 2176 679 2195; x_wconf 88' lang='lat' dir='ltr'>ne</span> <span class='ocrx_word' id='word_1_455' title='bbox 703 2164 836 2195; x_wconf 91' lang='lat' dir='ltr'>nimium</span> <span class='ocrx_word' id='word_1_456' title='bbox 860 2164 997 2207; x_wconf 87' lang='lat' dir='ltr'>spatium</span> <span class='ocrx_word' id='word_1_457' title='bbox 1030 2170 1222 2206; x_wconf 87' lang='lat' dir='ltr'>occuparent</span> <span class='ocrx_word' id='word_1_458' title='bbox 1242 2164 1386 2206; x_wconf 86' lang='lat' dir='ltr'>copiosae</span> <span class='ocrx_word' id='word_1_459' title='bbox 1406 2169 1519 2200; x_wconf 82' lang='lat' dir='ltr'>uotae,</span> <span class='ocrx_word' id='word_1_460' title='bbox 1546 2174 1622 2205; x_wconf 86' lang='lat' dir='ltr'>quas</span> <span class='ocrx_word' id='word_1_461' title='bbox 1645 2162 1681 2194; x_wconf 91' lang='lat' dir='ltr'>ad</span> <span class='ocrx_word' id='word_1_462' title='bbox 1703 2162 1758 2194; x_wconf 89' lang='lat' dir='ltr'>hos</span> <span class='ocrx_word' id='word_1_463' title='bbox 1776 2162 1967 2206; x_wconf 84' lang='lat' dir='ltr'>plerumque</span> 
     </span>
     <span class='ocr_line' id='line_1_36' title="bbox 302 2221 1966 2267; baseline -0.002 -11"><span class='ocrx_word' id='word_1_464' title='bbox 302 2232 468 2267; x_wconf 72' lang='lat' dir='ltr'>rori-uptos</span> <span class='ocrx_word' id='word_1_465' title='bbox 487 2234 590 2253; x_wconf 71' lang='lat' dir='ltr'>versus</span> <span class='ocrx_word' id='word_1_466' title='bbox 612 2223 870 2265; x_wconf 84' lang='lat' dir='ltr'>conscripseram·</span> <span class='ocrx_word' id='word_1_467' title='bbox 919 2222 1005 2253; x_wconf 88' lang='lat' dir='ltr'>Haec</span> <span class='ocrx_word' id='word_1_468' title='bbox 1028 2221 1131 2253; x_wconf 89' lang='lat' dir='ltr'>omnia</span> <span class='ocrx_word' id='word_1_469' title='bbox 1153 2232 1202 2253; x_wconf 91' lang='lat' dir='ltr'>me</span> <span class='ocrx_word' id='word_1_470' title='bbox 1224 2227 1453 2264; x_wconf 83' lang='lat' dir='ltr'>permoverunt</span> <span class='ocrx_word' id='word_1_471' title='bbox 1473 2227 1507 2252; x_wconf 89' lang='lat' dir='ltr'>ut</span> <span class='ocrx_word' id='word_1_472' title='bbox 1530 2232 1635 2252; x_wconf 77' lang='lat' dir='ltr'>versus</span> <span class='ocrx_word' id='word_1_473' title='bbox 1651 2245 1658 2259; x_wconf 91' lang='lat'>‚</span> <span class='ocrx_word' id='word_1_474' title='bbox 1678 2221 1716 2252; x_wconf 95' lang='lat' dir='ltr'>de</span> <span class='ocrx_word' id='word_1_475' title='bbox 1743 2221 1858 2264; x_wconf 88' lang='lat' dir='ltr'>quibus</span> <span class='ocrx_word' id='word_1_476' title='bbox 1880 2222 1966 2260; x_wconf 75' lang='lat' dir='ltr'>dixi,</span> 
     </span>
     <span class='ocr_line' id='line_1_37' title="bbox 302 2278 1794 2328; baseline -0.001 -13"><span class='ocrx_word' id='word_1_477' title='bbox 302 2284 394 2328; x_wconf 85' lang='lat' dir='ltr'>plane</span> <span class='ocrx_word' id='word_1_478' title='bbox 419 2282 616 2317; x_wconf 82' lang='lat' dir='ltr'>omitterem,</span> <span class='ocrx_word' id='word_1_479' title='bbox 644 2280 764 2312; x_wconf 79' lang='lat' dir='ltr'>etiamsi</span> <span class='ocrx_word' id='word_1_480' title='bbox 788 2280 858 2323; x_wconf 87' lang='lat' dir='ltr'>plus</span> <span class='ocrx_word' id='word_1_481' title='bbox 882 2280 1033 2324; x_wconf 78' lang='lat' dir='ltr'>temporis</span> <span class='ocrx_word' id='word_1_482' title='bbox 1062 2280 1100 2312; x_wconf 87' lang='lat' dir='ltr'>iis</span> <span class='ocrx_word' id='word_1_483' title='bbox 1131 2279 1342 2324; x_wconf 83' lang='lat' dir='ltr'>impenderim</span> <span class='ocrx_word' id='word_1_484' title='bbox 1369 2290 1462 2322; x_wconf 86' lang='lat' dir='ltr'>quam</span> <span class='ocrx_word' id='word_1_485' title='bbox 1485 2278 1616 2322; x_wconf 79' lang='lat' dir='ltr'>reliquis</span> <span class='ocrx_word' id='word_1_486' title='bbox 1636 2279 1794 2313; x_wconf 82' lang='lat' dir='ltr'>omnibus.</span> 
     </span>
    </p>
   </div>
  </div>
 </body>
</html>
