2053 2969
900 270 971 280 —
1027 251 1220 290 402—

270 352 314 384 Er
331 348 441 382 eodem
464 349 602 380 carmine
622 346 756 380 desumti
777 352 851 379 sunt
871 353 1037 390 sequentes
1057 350 1164 380 versus
1178 374 1187 388 ,
1218 349 1248 381 in
1270 347 1385 393 quibus
1406 348 1511 382 innuit
1536 351 1631 389 tales,
1662 353 1716 396 qui
1744 364 1815 386 eum
1838 367 1899 399 ope

227 419 320 451 quam
346 408 397 438 isti
415 407 524 439 afferre
546 406 749 444 debuissent,
775 404 962 437 destitutum
978 429 986 443 ,
1010 404 1153 437 hostibus
1176 407 1372 451 reliquerant
1401 409 1567 452 ipsumque
1594 422 1654 442 non
1683 422 1895 454 curaverant,

226 466 364 497 indicans
384 464 496 496 horum
516 463 681 507 perfidiam
694 488 703 502 ,
728 470 760 496 et
780 475 812 495 se
831 464 934 507 ipsum
952 462 1120 495 excusandi
1140 474 1213 507 ergo
1237 464 1275 497 de
1293 465 1330 497 iis
1350 464 1482 509 loquens
1501 467 1555 510 qui
1578 479 1691 512 nempe
1722 469 1898 512 (stellarum

224 522 334 563 instar)
355 521 494 565 pluviam
517 522 726 565 promiserant
745 521 798 554 sed
816 523 980 566 promissis
1004 535 1068 556 non
1089 530 1260 558 steterant:

269 579 370 623 Culpa
395 585 515 611 tantum
540 579 699 612 incumbit
715 586 747 611 27
769 586 851 615 caet.

101 638 203 675 1:056.
223 636 359 680 Scripsit
379 637 471 668 etiam
495 636 534 669 ad
554 643 678 681 patrem
703 649 819 672 suum:

265 695 422 727 Domine!
443 705 558 738 queror
580 695 664 739 apud
687 703 716 728 te
735 698 765 721 28
788 704 872 730 caet.

221 754 336 786 Dicens
356 754 386 785 in
415 752 463 784 his
485 752 606 792 lsxffln
630 753 887 787 homoeoteleuto
907 753 1046 786 studium
1073 754 1230 798 impendit
1249 763 1295 792 29,

266 813 314 846 Ad
337 821 457 857 patrem
482 814 576 845 etiam
604 821 769 858 sequentes
793 817 898 848 versus
919 815 1044 859 scripsit
1063 817 1178 858 gratias
1210 818 1240 849 ei
1268 829 1360 862 agens
1385 827 1444 861 pro
1473 825 1578 858 eqttO,
1608 815 1764 859 rubiginis
1792 818 1898 850 colore:

220 871 365 914 praedito
380 896 387 908 ,
414 883 508 914 quem
531 872 583 904 hic
607 874 667 917 ipsi
685 874 833 907 miserat:

264 931 320 962 Est
343 941 492 973 magnum
521 930 639 962 donum
665 931 749 974 quod
781 932 879 964 fluere
907 931 983 964 facit
1008 931 1160 973 (fluminis
1179 931 1290 973 instar)
1314 931 1428 975 gratias
1448 936 1479 962 et
1506 928 1655 966 laudem,
1686 937 1717 962 et
1739 931 1894 963 urbanum

308 987 426 1020 factum
447 987 531 1031 quod
552 989 757 1021 necessariam
775 989 879 1022 reddit
900 990 1053 1022 sinceram
1078 989 1249 1021 amicitiam
1272 995 1302 1018 30
1324 996 1354 1021 et
1382 1000 1534 1021 amorem.

262 1045 417 1078 Liberalis
444 1044 559 1076 dedisti
584 1056 649 1077 rem
669 1047 924 1089 pretiosissimam
942 1071 949 1084 ,
975 1058 1071 1089 quam
1097 1048 1122 1078 si
1150 1047 1336 1085 venderem,
1364 1057 1422 1090 pro
1443 1048 1478 1078 ea
1501 1052 1715 1090 permutarem
1731 1069 1739 1083 ‚
1766 1047 1797 1077 in
1820 1058 1894 1079 ven·

306 1103 427 1134 ditione
453 1113 515 1134 non
537 1103 712 1146 decipiens,
741 1105 836 1136 vitam
862 1104 1008 1135 omnibus
1031 1104 1121 1136 bonis
1142 1105 1336 1137 affluentem.

261 1161 316 1193 Est
339 1160 392 1192 ille
415 1166 574 1203 praestans
598 1171 698 1203 equus
725 1162 780 1203 qui
810 1160 888 1192 mihi
908 1161 994 1193 venit
1015 1172 1031 1192 a
1052 1167 1142 1204 parte
1164 1162 1224 1192 viri
1243 1159 1403 1198 liberalis;
1430 1159 1513 1190 inter
1537 1164 1708 1201 utrumque
1731 1167 1776 1192 est
1801 1162 1894 1192 simi-

304 1216 407 1248 litudo
430 1223 482 1253 3¹3
510 1227 604 1258 quam
628 1217 745 1248 nobilis
767 1223 813 1249 est
835 1217 888 1249 ille
907 1218 963 1261 qui
988 1218 1065 1256 dat,
1088 1223 1119 1250 et
1141 1228 1236 1261 quam
1263 1215 1380 1247 nobilis
1406 1215 1462 1247 ille
1480 1216 1536 1259 qui
1560 1215 1672 1248 datur!

259 1274 343 1315 Quot
364 1274 517 1305 beneficia
539 1275 571 1305 in
598 1285 649 1306 me
672 1274 859 1313 contulisti,
879 1275 922 1307 ita
943 1281 978 1307 ut
997 1275 1083 1307 locus
1099 1299 1107 1313 ‚
1135 1275 1169 1306 in
1188 1285 1284 1317 quem
1307 1272 1387 1305 mihi
1413 1271 1590 1311 cadebant,
1609 1272 1758 1306 humidus
1779 1275 1896 1309 evade-

301 1336 350 1361 ret
368 1336 417 1369 32,
440 1331 493 1363 sed
513 1331 613 1375 qualis
635 1338 681 1365 est
697 1332 785 1365 locus
806 1333 839 1365 in
862 1343 958 1377 quem
977 1332 1061 1366 cadit
1084 1334 1203 1377 (gratae
1222 1330 1349 1375 pluviae
1368 1330 1465 1364 instar
1486 1330 1619 1374 donum)
1642 1342 1740 1376 equus
1764 1333 1894 1378 rubigi-

302 1388 350 1419 nis
373 1388 480 1420 colore
502 1387 665 1431 praeditus
685 1390 737 1420 33!

257 1444 403 1478 Fortasse
425 1445 595 1488 aliquando
614 1446 681 1478 eius
704 1447 845 1491 pretium
867 1447 987 1480 solvam
1001 1471 1010 1488 ‚
1033 1447 1157 1481 calcare
1181 1446 1273 1480 illum
1295 1446 1414 1481 faciens
1433 1452 1463 1477 34
1485 1456 1579 1491 genas
1603 1445 1674 1479 talis
1695 1447 1751 1492 qui
1779 1453 1890 1481 contra

301 1510 392 1536 tuum
416 1504 533 1536 iussum
552 1503 705 1536 rebellem
725 1515 758 1536 se
776 1505 921 1548 gesserit.

214 1560 348 1603 Scripsit
372 1560 411 1592 ad
434 1561 567 1594 eundem
582 1585 590 1600 ‚
608 1561 723 1605 gratias
744 1562 774 1594 ei
797 1573 891 1605 agens
914 1568 1044 1606 propter
1067 1561 1204 1597 donum:

258 1617 284 1650 Ο
307 1618 371 1650 Rex
386 1643 393 1655 ,
419 1619 508 1650 cuius
529 1631 638 1652 manus
660 1627 689 1651 35
717 1619 860 1652 ludibrio
879 1619 975 1653 habet
992 1621 1111 1655 nubem
1135 1621 1353 1655 continentem
1375 1620 1516 1665 pluviam
1540 1619 1772 1654 effundentem!

213 1746 262 1784 27)
290 1748 447 1786 Sequuntur
468 1750 512 1779 hic
531 1754 585 1780 tres
603 1750 711 1786 versus,
730 1760 796 1790 quos
811 1761 892 1789 supra
911 1753 978 1781 verti
998 1762 1025 1791 p.
1041 1752 1097 1781 126
1115 1763 1152 1782 vs.
1169 1754 1186 1782 5
1202 1764 1260 1792 sqq.

214 1801 263 1834 28)
294 1803 450 1841 Sequuntur
465 1804 508 1833 hic
528 1804 582 1833 duo
598 1805 707 1840 versus,
725 1815 792 1844 quos
810 1815 890 1844 supra
906 1806 975 1835 verti
992 1817 1017 1845 p.
1033 1806 1090 1836 124
1110 1817 1146 1835 vs.
1159 1807 1248 1836 3—5.

212 1867 260 1904 29)
288 1869 329 1898 ef.
348 1869 381 1898 de
404 1871 469 1907 sacy
488 1872 594 1900 cai-est.
612 1871 701 1901 Arar.
721 1871 762 1900 11.
781 1882 806 1910 p.
821 1871 876 1901 68:
901 1873 1011 1920 05:³³³&
1031 1860 1166 1916 &3302
1214 1873 1293 1909 vult,
1322 1874 1350 1903 ni
1375 1873 1469 1909 fauor,
1493 1877 1588 1904 auctor
1617 1875 1738 1913 tsw
1761 1882 1811 1900 esse
1833 1871 1884 1899 ho—

291 1925 483 1954 moeoteleuton
501 1925 573 1964 quod
593 1925 664 1954 haud
681 1927 717 1954 ita
733 1924 892 1964 frequenter
909 1928 1036 1955 occurrit.

213 1988 261 2024 30)
292 1989 391 2019 Forma
411 1974 489 2044 {2:22
498 2014 504 2027 ,
528 2002 610 2030 quam
626 1991 671 2021 hic
691 2001 719 2021 se
737 1993 833 2020 offerre
855 1996 974 2022 metrum
992 1992 1170 2029 demonstrat,
1192 1994 1241 2023 hoc
1260 2004 1337 2023 sensu
1358 1994 1458 2023 Lexico
1475 1997 1512 2024 est
1532 1993 1660 2023 addenda.

213 2041 261 2078 31)
290 2044 324 2072 In
346 2044 466 2074 Arabicis
488 2049 525 2074 est
542 2046 614 2075 lusus
631 2047 659 2075 in
677 2046 801 2085 ambigua
823 2047 895 2076 vocis
916 2048 1000 2089 ab?
1021 2051 1162 2085 potestate;
1180 2047 1299 2086 designat
1320 2047 1393 2077 enim
1415 2050 1474 2076 tum
1498 2057 1591 2086 equum
1605 2050 1788 2085 praes-[amem
1810 2044 1879 2074 velo-

292 2107 397 2136 cemque
417 2099 451 2134 (v.
471 2099 610 2138 Kosegart.
633 2100 740 2129 Cla-est.
756 2100 846 2129 Arab.
866 2110 894 2138 p.
914 2100 969 2134 68;
991 2101 1128 2131 Humbert
1143 2100 1233 2131 Anal.
1250 2100 1339 2130 Arab.
1361 2111 1386 2139 p.
1402 2100 1474 2133 1233
1495 2094 1690 2140 'Ibn-Caqfinis
1706 2098 1882 2136 ‘al-Qalciyid

295 2151 351 2178 MS.
369 2152 400 2179 A.
417 2151 454 2181 ΙΙ,
475 2163 499 2190 p.
514 2153 579 2189 54),
600 2156 658 2182 tum
678 2155 768 2182 virum
785 2153 928 2182 liberalem.

291 2203 331 2231 Ex
349 2215 423 2233 more
436 2205 557 2233 Arabum
577 2209 716 2244 poetarum
736 2207 957 2237 ·al-Mo=³t'amidus
974 2208 1056 2247 patris
1074 2207 1202 2237 beneficia
1219 2217 1282 2237 cum
1294 2207 1395 2247 pluvid
1409 2212 1554 2246 comparat.

291 2257 508 2292 Observandum,
532 2262 636 2296 poetam
661 2259 705 2288 hic
720 2260 780 2289 ·e1if
797 2262 921 2301 weglatae
937 2261 1096 2291 substituere
1112 2261 1169 2291 ·elif
1184 2261 1341 2291 hamzatam.
1383 2262 1423 2292 Cf.
1444 2272 1525 2301 supra
1541 2272 1565 2302 p.
1577 2261 1631 2291 141
1655 2271 1718 2292 ann.
1733 2260 1827 2298 (416).

292 2310 362 2338 Haec
379 2311 535 2349 significatio
554 2313 599 2342 4³0
617 2314 719 2343 formae
735 2315 812 2344 verbi
831 2317 891 2355 &23
912 2315 1011 2345 Lexico
1030 2318 1069 2345 est
1085 2315 1214 2344 addenda.

234 2202 251 2337 ›c-*wm

255 2206 263 2412 Vfflvv

214 2376 231 2404 Ca>
214 2309 231 2338 02
213 2255 230 2283 02
213 2202 230 2229 ω

234 2376 249 2405 υἱ

294 2377 391 2405 Vocab.
413 2369 480 2412 »Ξῖ
501 2378 544 2407 hic
562 2379 661 2408 iterum
679 2381 769 2410 femin.
792 2385 831 2411 est
844 2393 922 2422 germ
941 2383 977 2412 cf.
995 2392 1075 2421 supra
1095 2393 1121 2421 p.
1142 2382 1178 2412 37
1201 2393 1263 2412 ann.
1278 2384 1326 2422 (e).
1346 2399 1386 2407 —-
1407 2383 1550 2413 Caeterum
1576 2382 1662 2418 vides,
1682 2383 1709 2412 in
1733 2383 1782 2412 hoc
1799 2391 1876 2411 versu

294 2431 391 2460 iterum
410 2431 607 2470 liberalitatem,
626 2434 675 2464 sub
687 2434 803 2474 pluviae
820 2437 936 2476 imagine
954 2437 1129 2477 propositam,
1143 2438 1266 2476 spectari.
