2053 2969
65 300 241 338 Arabum
272 298 537 348 Hispanorum
568 298 852 343 recitarentur,
875 300 1091 335 exclamare
1118 312 1196 337 non
1219 300 1443 337 dubitaret:
1468 300 1641 349 Populus
1661 302 1734 339 iste

66 391 162 427 prae
193 379 357 416 caeteris
389 379 474 425 ipsa
497 379 642 413 natura
666 379 718 414 ad
743 378 877 425 poesin
902 379 1094 414 formatus
1119 384 1176 414 est
1202 381 1267 426 (*)!
1317 380 1391 416 Sed
1416 381 1548 428 potius
1579 392 1736 428 respon-

65 459 139 494 deo
164 457 288 493 multa
311 468 356 492 ex
380 457 442 492 his
465 456 707 492 carminibus
732 457 871 492 summi
896 468 976 492 esse
999 458 1185 493 momenti
1217 458 1268 493 ad
1300 460 1423 506 ipsam
1456 459 1661 495 historiam
1691 460 1737 495 il-

63 535 319 572 lustrandam.
370 534 486 583 Quod
509 536 543 571 si
568 535 646 571 iam
668 536 709 571 in
732 536 850 572 hocce
875 536 1072 571 volumine
1096 537 1295 572 nonnullis
1312 537 1408 573 locis
1428 537 1621 581 indicavi,
1648 538 1734 573 luce

63 615 211 652 clarius
239 614 467 663 apparebit,
505 626 643 662 spero,
676 615 747 651 ubi
785 615 869 663 ipse
900 615 1109 651 historiam
1147 615 1445 652 Abbadidarum
1480 617 1735 652 conscribam.

64 694 214 731 Deinde
238 693 624 739 animadvertantur,
651 705 818 742 quaeso,
842 699 1066 742 temporum
1092 694 1291 737 condit10‚
1316 694 1495 730 virorum
1515 695 1738 742 principum

60 774 132 822 qui
155 778 249 809 tunc
272 778 386 808 erant
404 773 567 810 indoles.
616 774 770 809 Etenim
794 774 909 821 plane
933 773 1127 820 singulari
1152 774 1302 821 impetu
1324 773 1377 809 ad
1395 774 1532 809 literas
1553 774 1735 809 colendas

62 852 386 901 impellebantur3
422 864 517 900 prae
549 853 611 889 his
647 852 750 889 bella
789 852 1119 900 subditorumque
1155 853 1328 900 regimen
1363 852 1446 888 fere
1476 852 1737 899 negligebant.

62 931 213 980 Quodsi
232 932 365 979 itaque
390 932 468 967 iam
489 931 563 968 hoc
583 931 686 967 inter
704 943 836 968 omnes
860 936 1012 967 constat
1036 932 1226 968 historico
1250 931 1419 967 officium
1444 931 1668 967 incumbere
1693 937 1739 967 ut

61 1010 200 1046 aetatis
215 1010 264 1046 de
286 1012 365 1058 qua
388 1016 504 1058 agat,
524 1010 677 1046 fidelem
702 1011 912 1046 adumbret
933 1011 1162 1058 imaginem,
1186 1021 1259 1058 ego
1283 1014 1391 1046 certe
1412 1022 1489 1046 non
1514 1010 1740 1058 vituperan-

65 1089 140 1125 dus
166 1100 234 1125 ero
262 1089 332 1136 qui
355 1089 449 1126 huic
473 1089 597 1126 officio
622 1089 845 1126 satisfacere
870 1089 1105 1126 studuerim.

112 1166 244 1214 Neque
263 1167 361 1202 vitio
390 1167 487 1203 mihi
506 1168 608 1203 verti
631 1169 747 1204 velim
772 1167 881 1215 quod
904 1169 1023 1216 longa
1047 1168 1117 1204 illa
1149 1168 1356 1206 rhetorum
1379 1169 1510 1217 capita
1531 1168 1736 1204 ediderim.

66 1245 248 1283 Alterum
273 1245 454 1281 volumen
469 1246 552 1281 fere
569 1246 668 1282 nihil
685 1247 762 1282 nisi
783 1246 1064 1283 historicorum
1076 1247 1207 1295 capita
1225 1248 1440 1284 continebit
1452 1274 1462 1292 ,
1485 1247 1552 1282 sed
1572 1248 1739 1294 ingenue

65 1325 192 1362 fateor
217 1325 314 1360 mihi
338 1325 433 1360 haec
456 1325 498 1360 in
520 1325 747 1361 universum
767 1325 932 1361 minoris
950 1326 1135 1362 momenti
1159 1326 1287 1362 videri
1307 1338 1425 1373 quam
1448 1327 1578 1373 capita
1605 1327 1739 1362 rheto-

65 1415 169 1441 rum.
195 1403 249 1439 Hi
270 1403 372 1438 enim
389 1404 651 1451 antiquissimi
670 1409 760 1440 sunt
775 1405 986 1452 scriptores
1000 1404 1104 1441 inter
1121 1416 1186 1440 eos
1203 1405 1274 1452 qui
1287 1405 1336 1441 de
1346 1405 1562 1442 Abbadidis
1575 1405 1739 1452 scripse-

62 1487 160 1519 runt
184 1482 378 1530 hodieque
402 1489 634 1530 supersunt3
666 1483 884 1531 prudenter
915 1484 949 1519 si
969 1483 1209 1520 adhibentur
1234 1488 1273 1520 et
1295 1495 1383 1520 cum
1408 1484 1605 1519 historicis
1635 1495 1737 1519 com-

62 1566 280 1610 parantur,
306 1562 370 1598 vix
395 1561 475 1598 dici
498 1567 626 1610 potest
650 1568 749 1610 quot
765 1563 976 1610 qualesque
997 1563 1151 1599 fructus
1167 1563 1335 1600 afferant
1358 1563 1410 1599 ad
1431 1563 1637 1598 historiam
1659 1574 1739 1598 me-

63 1640 142 1678 lius
171 1640 474 1687 intelligendam.
523 1641 726 1678 Nonnullis
752 1642 870 1686 locis,
898 1642 1036 1678 lubens
1062 1632 1206 1686 fateor,
1229 1643 1311 1678 sine
1338 1654 1480 1690 magno
1511 1642 1654 1678 damno
1679 1653 1742 1677 ca-

66 1731 158 1756 rere
186 1731 404 1767 possemus,
429 1720 497 1755 sed
521 1721 756 1768 scriptores,
782 1725 827 1756 ut
853 1720 1061 1771 itaddicam
1076 1747 1086 1765 ,
1113 1726 1301 1758 truncare
1320 1722 1478 1758 minime
1500 1722 1609 1763 am03
1634 1721 1738 1763 imo,

63 1798 196 1846 potius
221 1798 371 1834 veniam
403 1810 502 1845 rogo
533 1810 556 1834 a
581 1805 809 1835 nostrarum
843 1799 1052 1835 literarum
1079 1800 1298 1836 cultoribus
1321 1800 1429 1848 quod
1464 1804 1739 1848 argumentum

62 1877 179 1913 semel
207 1877 373 1913 electum
403 1889 463 1913 me
494 1879 668 1925 coagerit
691 1879 930 1926 scriptoru1n
956 1879 1194 1925 fragmenta,
1220 1891 1299 1914 non
1318 1879 1472 1926 integra
1497 1890 1638 1926 opera,
1666 1889 1739 1925 pu—

63 1957 158 1993 blici
174 1956 275 1992 iuris
291 1957 431 1993 facere.
458 1956 584 2003 Magis
597 1957 698 1993 0111111
715 1958 918 2004 magisque
937 1958 1014 1993 viri
1034 1958 1140 1994 docti
1158 1958 1215 1994 sic
1227 1958 1302 1993 sibi
1320 1958 1488 1993 firmiter
1501 1957 1739 2005 persuadent

64 2037 232 2085 integra
256 2036 432 2072 Arabum
457 2047 577 2083 opera
610 2047 689 2071 0550
713 2036 885 2080 edenda,
913 2041 951 2072 et
972 2037 1049 2072 iam
1068 2037 1184 2073 nimis
1200 2036 1293 2081 diu,
1319 2048 1396 2072 non
1423 2038 1503 2072 sine
1531 2037 1737 2073 literarum

64 2115 301 2151 detrimento
316 2142 326 2160 ,
357 2114 458 2150 illud
491 2115 632 2150 edendi
655 2126 776 2162 genus
806 2115 847 2151 in
871 2127 944 2151 11511
974 2116 1095 2152 fuisse
1125 2128 1204 2164 quo
1229 2115 1477 2163 anthologiae
1503 2121 1542 2151 et
1564 2115 1735 2151 chresto-

67 2194 264 2239 mathiae,
300 2193 361 2230 vel
384 2206 619 2242 quocunque
640 2193 798 2230 tandem
822 2195 978 2231 nomine
1001 2195 1188 2243 insignita
1218 2206 1361 2243 opera,
1377 2195 1625 2244 fiugmenta
1650 2199 1735 2231 tan·

107 2365 145 2403 (Ἴ
168 2365 238 2396 Rem
254 2370 347 2397 narrat
365 2366 540 2398 Iba-Bassam
563 2368 636 2405 (MS.
656 2368 742 2399 oxon.
760 2367 804 2398 sol.
819 2367 874 2400 136
887 2369 938 2406 n).
981 2368 1068 2399 verba
1077 2367 1282 2400 al-Motenabbii
1301 2372 1378 2400 sunt:
1401 2367 1473 2420 {⁵22³
1499 2368 1573 2417 juti
1604 2365 1678 2401 539.
