2053 2969
918 192 1108 228 —292
1162 207 1230 217 —

245 293 389 324 affecerat
411 299 509 333 quum
537 298 608 320 eum
632 289 768 320 mitteret
793 286 829 319 ad
864 287 1017 330 impetum
1045 288 1077 318 in
1105 286 1283 320 Cordobam
1314 285 1514 324 faciendum,
1541 286 1798 331 quandoquidem
1831 289 1914 321 Deus

245 352 304 382 filii
336 355 469 382 mortem
501 347 701 379 decreverat!
749 346 810 379 Sed
841 345 895 377 alii
919 352 1046 377 narrant
1070 357 1136 378 rem
1163 345 1245 376 haud
1272 345 1315 376 ita
1342 356 1406 376 sese
1434 344 1579 377 habuisse
1596 371 1603 384 ‚
1630 345 1682 377 sed
1706 346 1797 377 nimis
1821 358 1914 389 grave

245 409 322 452 quid
347 409 375 440 ei
401 410 502 438 visum
527 405 622 436 fuisse
652 405 785 443 urbem,
812 403 914 448 qualis
939 403 1083 436 cordoba
1104 411 1190 441 erat,
1224 402 1374 446 aggredi,
1401 402 1475 434 dum
1500 415 1616 446 paucos
1643 410 1764 435 tantum
1798 404 1916 436 milites

245 478 349 499 secum
376 466 533 503 haberet,
569 469 600 494 et
625 474 697 494 eum
720 462 790 494 ideo
819 463 934 494 cavisse
958 473 996 493 ne
1019 463 1129 493 urbem
1156 461 1314 493 obsideret
1343 462 1416 504 quia
1445 469 1572 504 pactum
1602 469 1667 494 erat
1692 463 1774 494 inter
1798 462 1920 494 Cordo-

245 525 354 556 benses
374 530 405 555 et
431 533 539 554 eorum
568 519 826 552 confoederatum
856 520 946 552 Badis
967 520 1177 556 ·ibn-Llabus,
1204 531 1296 562 quem
1325 520 1470 550 celeriter
1492 525 1599 550 contra
1625 531 1655 552 se
1676 531 1916 562 progressurum

248 594 313 614 esse
337 593 398 613 non
422 580 612 618 dubitabat,
634 579 677 610 ita
700 585 735 610 ut
760 589 886 610 casurus
907 584 985 610 esset
1010 579 1092 609 inter
1122 577 1197 608 duas
1221 577 1360 608 maxillas
1390 588 1523 619 quarum
1547 583 1681 620 utraque
1703 579 1805 621 ipsum
1829 589 1920 610 man-

245 641 374 672 ducaret
400 640 453 669 137-
500 638 637 671 Narrant
662 638 754 668 etiarn
778 648 850 668 eum
876 637 974 679 patris
997 642 1135 667 mentem
1162 635 1200 666 ad
1222 634 1302 666 hane
1321 646 1386 666 rem
1412 635 1580 666 advertisse
1597 660 1604 673 ‚
1637 636 1692 678 qui
1717 641 1819 667 tamen
1843 648 1915 667 euin

186 711 194 716 ’
222 731 227 737 ,
251 699 484 743 pusillanimem
512 696 683 728 declaravit
707 695 773 734 133,
798 696 933 738 graviter
953 695 979 725 ei
1003 695 1138 725 minatus
1160 699 1206 724 est
1237 701 1267 726 et
1289 705 1399 736 parum
1428 693 1535 724 aberat
1563 694 1636 736 quia
1658 705 1729 725 eum
1754 694 1918 726 interfice-

248 764 296 789 ret
322 758 376 790 ¹3¹).
423 755 518 787 Iussit
553 765 624 785 eum
646 764 732 784 suam
755 753 837 784 viam
866 753 1011 796 persequi
1039 753 1131 794 eique
1156 763 1265 784 necem
1289 751 1424 782 minatus
1446 758 1491 783 est
1519 752 1543 782 si
1567 751 1732 794 languidus
1762 764 1792 783 se
1817 753 1856 783 ab
1884 754 1918 783 ea

249 820 402 848 averteret
417 819 472 845 ¹90.
506 813 576 844 Hoc
597 812 661 843 eius
683 811 824 842 animum
845 822 861 841 a
883 817 972 854 patre
993 810 1206 847 abalienavit,
1220 816 1250 841 et
1269 809 1399 841 molitus
1421 816 1466 840 est
1489 809 1528 840 ab
1548 821 1584 840 eo
1608 809 1716 852 fugere
1730 834 1737 847 ,
1753 821 1823 841 cum
1846 822 1918 853 per·-

249 875 356 919 paucis
382 872 502 904 intimis
528 870 636 901 amicis
660 869 714 912 qui
734 880 805 901 eum
829 870 859 900 in
883 880 1021 900 errorem
1043 868 1245 901 induxerunt.
1292 869 1380 899 Tunc
1402 867 1537 898 duorum
1567 867 1631 898 fere
1658 867 1781 899 dierum
1805 869 1919 900 itinere

250 944 281 964 se
309 932 347 963 ab
369 930 491 973 Hispali
511 929 667 964 removit,
694 927 746 958 sed
774 933 848 958 tunc
864 951 871 964 ,
898 927 1060 958 mendacio
1082 938 1175 963 usus,
1199 926 1299 957 socios
1326 937 1395 956 suos
1417 927 1567 957 certiores
1592 926 1668 956 fecit
1689 925 1726 957 de
1750 927 1919 969 improviso

250 992 311 1023 sibi
341 990 466 1021 allatam
496 998 561 1019 esse
591 985 755 1030 epistolam
788 985 887 1028 patris
905 1010 912 1022 ,
939 986 993 1028 qui
1019 986 1120 1028 ipsum
1145 985 1182 1016 ad
1217 996 1248 1016 se
1271 984 1375 1015 redire
1405 983 1533 1027 petebat
1564 989 1603 1012 ¹9¹
1639 989 1771 1026 propter
1796 995 1859 1015 rem
1882 985 1920 1015 de

250 1050 313 1092 qua
335 1058 407 1078 cum
427 1058 463 1077 eo
485 1051 647 1088 praesente
665 1043 803 1086 colloqui
823 1042 929 1075 vellet.
977 1043 1121 1086 Hispalin
1140 1044 1248 1085 itaque
1266 1041 1359 1073 rediit
1383 1047 1413 1073 et
1436 1040 1636 1084 aggrediendi
1655 1042 1850 1073 occasionem
1877 1047 1919 1070 ¹92

250 1106 406 1148 arripuit,
433 1116 467 1136 ex
489 1104 544 1135 sati
563 1103 710 1140 decreto,
736 1113 834 1144 quum
857 1113 872 1132 a
895 1101 979 1144 regia
998 1102 1051 1131 sua
1073 1100 1144 1131 sede
1160 1101 1270 1131 absens
1290 1105 1367 1131 esset
1385 1105 1495 1141 pater,
1520 1097 1633 1139 degens
1657 1098 1688 1129 in
1713 1099 1842 1140 praedio
1865 1112 1921 1130 suo

251 1164 335 1208 quod
366 1169 432 1194 erat
465 1163 496 1193 in
528 1161 655 1192 castello
688 1159 850 1190 ·az—Zahir
876 1165 930 1188 ¹93.
979 1159 1067 1190 Tunc
1093 1169 1165 1188 cum
1187 1157 1364 1188 temeritate
1389 1155 1486 1197 patris
1506 1154 1660 1197 palatium
1682 1165 1841 1197 aggressus
1857 1181 1865 1194 ,
1891 1164 1923 1188 et

250 1222 439 1266 quibusdam
462 1219 614 1250 thesauris
635 1218 756 1260 potitus
779 1223 879 1248 est¹94
902 1227 980 1258 quos
1001 1226 1106 1247 secum
1126 1215 1232 1251 duxit3
1256 1213 1340 1256 cepit
1360 1222 1487 1255 quoque
1507 1217 1640 1242 matrem
1661 1222 1747 1244 snam
1769 1219 1800 1245 et
1822 1215 1920 1257 patris

250 1281 382 1313 seminas
396 1285 446 1316 ,et
468 1276 630 1318 complura
654 1281 695 1305 Ι95
714 1275 871 1317 surripuit
889 1286 924 1305 ex
948 1273 1061 1316 opibus
1084 1279 1115 1303 et
1133 1270 1332 1315 supellectile
1347 1293 1356 1308 ,
1378 1276 1491 1312 putans
1511 1280 1542 1300 se
1556 1270 1692 1312 effugere
1710 1279 1815 1315 posse.·
1836 1273 1922 1304 Haec

251 1340 355 1371 omnia
379 1347 484 1368 secum
507 1334 617 1371 duxit,
643 1332 696 1364 illa
721 1343 814 1362 onera
845 1331 996 1363 extollens
1019 1332 1049 1362 in
1074 1331 1215 1362 iumenta
1241 1340 1322 1372 quae
1343 1334 1439 1359 noctu
1462 1327 1712 1371 expostulaverat
1738 1341 1754 1360 a
1783 1330 1920 1372 quodam

249 1396 331 1440 apud
350 1406 444 1439 quem
466 1393 517 1424 illa
547 1402 611 1423 esse
633 1390 772 1427 sciebat,
798 1396 830 1420 et
860 1390 963 1421 statim
991 1389 1092 1426 abiit,
1118 1389 1234 1420 iterum
1264 1386 1442 1430 ingrediens
1468 1385 1511 1416 ¹9⁶
1535 1386 1617 1418 viam
1642 1397 1721 1429 quae
1739 1386 1777 1418 ad
1796 1387 1920 1425 ’al-Ge-

250 1462 342 1490 ziram
365 1453 570 1494 'al-caijrfimmz
599 1449 755 1485 ducebat,
788 1447 882 1479 finem
906 1447 1035 1479 ditionis
1063 1447 1160 1490 patris
1183 1447 1214 1478 in
1244 1446 1338 1477 litore
1367 1446 1484 1482 maris,
1513 1444 1595 1476 hanc
1623 1455 1653 1476 se
1673 1445 1791 1477 intrare
1812 1445 1921 1477 decer-

250 1524 327 1545 nens
342 1537 349 1549 ,
372 1511 480 1553 ibique
500 1514 608 1540 contra
638 1517 708 1538 eum
728 1506 914 1538 seditionem
940 1516 1064 1537 movere
1091 1512 1145 1538 ¹97.
1193 1504 1255 1536 Sed
1277 1503 1425 1548 quoniam
1448 1503 1587 1535 irretitus
1613 1509 1680 1535 erat
1698 1503 1729 1535 in
1746 1505 1800 1536 sna
1821 1510 1920 1548 petu-

255 1633 322 1668 187)
346 1633 403 1661 Hoc
427 1633 483 1660 sine
501 1630 582 1658 dubio
604 1633 641 1657 est
664 1629 852 1666 proverbium,
875 1628 945 1667 quod
975 1633 1061 1657 tamen
1088 1630 1114 1657 in
1137 1628 1271 1667 Freytagii
1293 1637 1372 1666 opere
1395 1627 1426 1656 de
1450 1626 1602 1656 Proverbiis
1625 1636 1679 1656 non
1698 1628 1854 1655 annotatum
1874 1629 1920 1654 est.

344 1689 432 1748 &3²15
451 1698 558 1736 proprie
576 1700 613 1725 est
631 1696 703 1724 locas
724 1696 770 1724 ubi
791 1696 870 1723 has-ta
890 1698 997 1724 cresi-st.
1043 1697 1110 1726 Galli
1130 1697 1265 1725 dicerent:
1289 1700 1363 1723 entre
1379 1695 1449 1723 deux
1466 1695 1545 1731 senx.

256 1754 323 1789 188)
350 1754 396 1781 10²
413 1753 497 1780 forma
518 1751 590 1779 verbi
611 1763 692 1798 34>
714 1750 741 1776 in
764 1749 861 1776 Lexico
877 1749 1051 1779 desideratur.

255 1809 322 1845 189)
346 1809 388 1836 Sic
410 1806 490 1840 verti,
512 1804 605 1832 collato
620 1803 671 1832 alio
690 1802 886 1840 'Ibn-l-laijanc's
907 1802 964 1830 loco
983 1804 1029 1842 qui
1050 1804 1146 1842 legitur
1164 1803 1233 1842 apud
1251 1802 1481 1831 'Iba-Bassaniam
1503 1802 1561 1831 MS.
1579 1801 1660 1830 Goth.
1680 1801 1726 1830 sol.
1744 1799 1782 1829 28
1792 1810 1834 1828 v.:
1857 1800 1921 1832 ζῇ*

1071 1876 1097 1902 <a
1111 1877 1184 1910 ww
1216 1859 1288 1912 ζῶ
1312 1861 1407 1917 &3525
1437 1876 1521 1901 scus:
1550 1868 1664 1900 Lm
1688 1868 1771 1911 ml
1801 1869 1920 1910 &0053

258 1942 325 1977 190)
347 1942 417 1970 Haec
435 1939 525 1980 signifi
548 1939 591 1967 δῖε
607 1939 708 1966 formae
728 1937 802 1965 verbi
822 1940 884 1984 153>
905 1936 946 1965 vel
965 1924 1044 1985 ὀξύς,
1063 1947 1124 1965 cum
1145 1951 1215 1984 Ut,
1239 1936 1336 1965 Lexico
1355 1935 1476 1964 addatur.

259 1996 326 2030 191)
348 1995 419 2022 Haec
439 1995 524 2032 signis.
552 1993 613 2021 10ae
635 1993 736 2020 formae
753 1990 828 2018 verbi
849 1995 929 2035 μέλῃ
951 2001 972 2018 c.
992 2000 1044 2018 ace.
1062 2001 1089 2028 p.
1110 1991 1209 2019 Lexico
1227 1990 1350 2018 addatur.

260 2050 327 2083 192)
351 2050 387 2076 De
404 2058 465 2076 voce
487 2053 560 2091 ’.(,οἱὲ
583 2047 616 2074 cf.
638 2055 718 2082 supra
739 2054 763 2081 p.
783 2043 837 2071 123
861 2054 921 2071 ann.
937 2043 1030 2080 (283).

262 2102 328 2133 193}
352 2102 391 2129 De
407 2100 542 2129 ·nz-Zahir
560 2099 595 2127 οἳ.
616 2109 697 2137 supra
715 2108 742 2135 p.
757 2097 812 2126 145
833 2107 896 2125 ann.
910 2097 1000 2133 (426).

263 2154 328 2190 194)
352 2155 379 2181 Si
402 2157 485 2181 textus
506 2163 584 2180 sanus
606 2156 658 2185 est,
679 2151 748 2189 quod
770 2160 817 2187 ego
834 2153 905 2178 certe
925 2149 1021 2182 credo,
1048 2148 1169 2176 notabilis
1188 2147 1232 2176 hic
1249 2151 1285 2176 est
1304 2158 1364 2176 usus
1385 2148 1458 2176 verbi
1482 2148 1561 2181 gil-2
1584 2156 1644 2174 cum
1666 2162 1711 2188 Ψ,

262 2208 328 2243 195)
353 2206 391 2234 Ad
413 2206 531 2233 literam:
561 2205 614 2232 sihi
636 2203 832 2240 mallum-fecit
855 2204 885 2231 z'cl
910 2203 981 2242 quod
999 2202 1159 2239 surripui&
1189 2212 1256 2239 quae
1284 2201 1373 2240 signis.
1402 2202 1468 2230 lan
1489 2200 1590 2229 formae,
1610 2201 1684 2229 verbi
1700 2202 1757 2248 ,τῇς
1775 2202 1801 2230 jn
1822 2201 1920 2231 Lexico

350 2259 521 2288 desideratur.

264 2314 329 2349 196)
352 2313 423 2340 Haec
439 2311 524 2350 signis.
544 2310 591 2337 Sae
609 2311 709 2338 formae
724 2310 796 2337 verbi
816 2319 865 2355 ἰὴ)
888 2310 985 2338 Lexico
1006 2308 1127 2337 addatur.

262 2367 328 2405 197)
351 2366 462 2395 Minime
479 2364 591 2393 dubium
606 2373 659 2392 esse
678 2365 762 2401 potest
782 2363 847 2402 quin
867 2364 910 2392 hic
927 2366 1027 2392 textum
1049 2364 1118 2390 recte
1135 2360 1346 2395 emendaveri1n;
1367 2362 1399 2391 cs.
1418 2371 1497 2400 siqra
1515 2372 1540 2400 p.
1555 2361 1611 2392 263
1633 2373 1695 2393 ann.
1708 2363 1781 2402 (23).
