2053 2969
567 445 1127 461 mmmmm!
1130 449 1294 462 ‘Um

163 660 265 721 lnter
294 695 346 717 eos
378 693 467 728 reges
489 685 544 728 qui
560 710 569 724 ,
595 685 766 718 undecimo
786 697 820 730 p.
847 682 924 718 Chr.
951 683 1081 722 seculo,
1106 685 1246 729 collapso
1270 684 1525 729 'Omaijadarum
1554 687 1586 719 in
1610 687 1761 732 Hispania

93 746 249 789 imperio,
275 743 382 786 aliqua
402 742 496 775 huius
518 751 609 788 parte
633 751 705 776 sunt
723 745 842 787 potiti,
869 744 987 775 eminet
1006 743 1253 776 ‘Abbadidarum
1275 756 1348 788 gens
1373 745 1489 777 virtute
1508 744 1639 785 bellica,
1665 748 1762 778 animi

90 803 324 847 generositate,
349 801 513 833 literarum
542 803 660 837 studio.
717 803 871 846 Legentes
896 802 1069 834 secundum
1100 802 1247 833 volumen
1280 804 1383 846 operis
1410 803 1529 836 Condei
1549 809 1580 841 1,
1606 816 1667 836 non
1691 817 1763 848 pos-

91 873 198 894 sumus
217 873 281 893 non
305 861 427 892 summa
446 860 560 893 horum
583 861 766 905 principum
790 861 999 893 admiratione
1022 861 1127 900 affici,
1153 867 1184 893 et
1212 860 1405 892 calamitates
1420 886 1429 899 ,
1455 873 1531 905 quas
1557 862 1638 906 passi
1666 870 1758 901 sunt,

90 927 122 954 et
144 932 225 964 quae
256 919 392 963 imperio
419 930 529 951 eorum
565 921 659 952 finem
691 921 935 964 imposuerunt,
961 920 1139 963 deplorare.
1195 919 1299 951 Simul
1331 931 1428 958 vero,
1454 931 1563 952 eorum
1592 932 1638 952 res
1662 933 1760 964 quum

89 979 269 1011 accuratius
288 977 544 1017 consideramus,
568 978 732 1018 videmus,
759 979 887 1010 illorum
910 978 1075 1010 historiam
1100 978 1276 1021 insignibus
1304 978 1448 1010 laborare
1470 978 1711 1010 difficultatibus
1731 987 1761 1010 et

91 1037 205 1080 magna
223 1036 327 1080 premi
346 1037 554 1071 obscuritate.
601 1038 663 1069 Pro
684 1049 740 1069 suo
759 1038 844 1070 enim
867 1042 1011 1080 tempore
1030 1036 1129 1068 multa
1149 1037 1309 1081 praestitit
1323 1036 1468 1068 Condeus
1483 1061 1491 1075 ,
1512 1043 1543 1068 at
1566 1043 1628 1068 tam
1649 1049 1760 1080 parum

90 1096 238 1127 criticam
257 1100 381 1126 secutus
400 1102 447 1127 est
466 1097 621 1128 rationem
636 1121 645 1136 ‚
673 1102 736 1128 tam
757 1095 858 1128 multa
885 1095 1045 1127 commisit
1068 1094 1182 1126 menda
1197 1120 1204 1132 ,
1224 1101 1259 1127 ut
1280 1094 1444 1138 complura
1463 1096 1597 1139 posteris
1619 1097 1761 1127 facienda

90 1152 298 1196 relinqueret.
355 1153 556 1197 Quapropter
585 1166 685 1198 quum
715 1154 795 1186 mihi
820 1155 1054 1198 proposuissem
1082 1153 1248 1185 historiam
1274 1153 1522 1185 abbadidarum
1553 1154 1656 1186 denuo
1684 1166 1761 1187 con-

88 1211 251 1249 scribere,
282 1211 424 1242 sontibus
446 1212 642 1244 Moslimz‘cz's
671 1218 702 1244 et
725 1212 913 1245 Christianis
945 1224 1024 1250 uso,
1049 1211 1128 1243 haec
1155 1211 1235 1243 mihi
1259 1212 1378 1255 optima
1409 1219 1440 1245 et
1468 1219 1598 1245 naturae
1625 1215 1760 1247 maxime

88 1276 299 1302 consentanea
323 1269 385 1300 visa
409 1275 455 1301 est
474 1271 555 1301 ratio
571 1294 579 1308 ,
605 1277 640 1302 ut
661 1271 801 1314 primum
825 1282 905 1314 quae
925 1275 1070 1302 auctores
1098 1269 1217 1301 Arabes
1245 1269 1359 1301 inediti
1381 1276 1489 1302 nostro
1509 1270 1548 1302 de
1572 1279 1756 1315 argumento

90 1329 248 1367 offerunt,
273 1327 399 1371 publici
421 1327 558 1360 facerem
577 1329 659 1372 juris
675 1354 683 1368 ,
709 1329 832 1361 adiecta
861 1329 1022 1366 versione,
1047 1328 1103 1359 ubi
1126 1338 1161 1358 ea
1193 1328 1367 1359 necessaria
1390 1327 1574 1367 videretur,
1599 1335 1630 1361 et
1659 1342 1758 1362 anno-

87 1388 219 1420 tatione.
277 1386 314 1417 In
346 1384 396 1416 his
422 1385 500 1417 locis
531 1387 660 1419 edendis
684 1394 862 1432 temporum
894 1387 1011 1419 rationi
1035 1387 1078 1418 ita
1101 1386 1348 1429 obtemperabo,
1374 1392 1409 1417 ut
1431 1387 1652 1430 antiquissimo
1679 1390 1758 1420 scri-

85 1445 172 1489 ptori
198 1444 321 1488 primus
352 1444 544 1477 concedatur
572 1446 681 1484 locus,
716 1446 933 1477 recentissimo
961 1444 1104 1478 ultimus.
1162 1444 1387 1488 Incipiendum
1412 1445 1510 1488 igitur
1537 1452 1582 1477 est
1611 1446 1650 1478 ab
1673 1447 1758 1478 'Ibn-

84 1499 232 1548 (aqam,
257 1503 412 1546 scriptore
434 1503 625 1536 difficillimo
641 1528 649 1542 ,
676 1504 796 1542 fateor,
823 1510 853 1535 at
876 1504 931 1547 qui
953 1503 1050 1541 talia,
1075 1503 1159 1534 inter
1188 1503 1340 1534 nonnulla
1368 1503 1499 1536 minoris
1519 1505 1636 1547 pretii,
1663 1506 1755 1537 nobis

86 1561 240 1600 tradidit,
266 1572 346 1605 quae
373 1562 531 1605 egregiam
556 1563 671 1601 rebus,
705 1563 744 1594 ab
773 1562 956 1594 Abbadidc‘s
987 1562 1101 1605 gestis,
1136 1561 1240 1593 lucem
1273 1561 1457 1601 affundant,
1491 1562 1648 1606 imprimis
1681 1575 1753 1596 vero

83 1621 243 1665 poeticam
269 1621 330 1662 qua
356 1620 518 1663 pollebant
539 1621 745 1657 facultatem,
771 1627 802 1652 et
825 1621 951 1652 imitatu
977 1619 1197 1663 dignissimum
1224 1619 1388 1652 literarum
1416 1632 1555 1653 amorem
1589 1622 1754 1654 ostendant

83 1686 114 1710 et
137 1678 311 1709 declarent.
342 1675 476 1709 *Textui
501 1685 611 1722 utpote
631 1679 822 1711 difficillimo
849 1680 951 1710 versio
972 1685 1039 1710 erat
1061 1678 1264 1717 adiicienda;
1291 1685 1336 1710 sat
1359 1680 1518 1723 copiosam
1546 1691 1673 1723 quoqne
1696 1693 1753 1712 an-

83 1736 278 1768 notationem
302 1736 483 1774 accessisse,
509 1738 629 1769 nemini
657 1738 712 1781 qui
743 1737 837 1769 huius
866 1738 1031 1784 scriptoris
1064 1748 1159 1780 opera
1190 1737 1300 1775 novit,
1326 1737 1444 1769 mirum
1473 1738 1607 1770 accidet.
1658 1740 1749 1780 Quod

81 1806 156 1827 vero
181 1796 295 1827 attinet
320 1793 357 1825 ad
382 1794 516 1827 aliorum
538 1796 723 1829 faciliorum,
740 1802 907 1827 auctorum
930 1795 1037 1833 locos,
1063 1795 1118 1837 qui
1139 1794 1253 1826 deinde
1278 1795 1431 1832 edentur,
1457 1802 1492 1827 ut
1513 1796 1749 1831 Mohammedz's·

78 1852 308 1885 ·ibn-'Ibrahim
330 1853 361 1883 in
380 1852 464 1884 libro
488 1854 599 1894 *algeldi
623 1853 732 1902 03²³)
747 1878 754 1891 ,
778 1853 1034 1890 ·al-Marraki'sic'‚
1057 1852 1306 1889 ·an-Nowairie'‚
1331 1848 1607 1892 ‘Ibno-'l-Catibe‘,
1633 1863 1747 1886 aucto-

80 1935 122 1966 ris
145 1933 295 1976 auonymi
320 1934 395 1965 libri
419 1922 540 1977 &sm-{4225
564 1921 667 1974 dcl-265
682 1959 690 1972 ‚
714 1929 962 1972 ibn-caldarii,
995 1933 1229 1977 ·al-Maqqarie':
1265 1932 1380 1965 horum
1410 1933 1564 1978 integram
1597 1935 1746 1968 exhibere

78 2015 252 2047 versionem
286 2015 447 2058 operosius
478 2026 573 2058 quam
605 2014 714 2046 utilius
742 2015 841 2047 visum
870 2021 938 2053 est,
964 2021 996 2047 et
1024 2014 1167 2046 sufficere
1193 2021 1293 2058 puto,
1318 2021 1354 2047 ut
1384 2027 1464 2059 quae
1495 2016 1526 2047 in
1553 2015 1601 2047 his
1622 2024 1744 2049 exstant

77 2073 239 2112 carmina,
265 2084 376 2116 prosae
408 2074 575 2105 ornatioris
601 2073 736 2125 (ζέω)
770 2074 968 2117 specimina,
1002 2083 1120 2116 eaeque
1151 2073 1345 2111 sententiae,
1372 2085 1451 2117 quae
1482 2085 1588 2105 revera
1618 2078 1743 2118 pariant

75 2134 316 2172 difficultatem,
344 2135 375 2166 in
402 2135 607 2166 annotatione
631 2139 815 2173 vertantur;
843 2146 967 2178 semper
997 2145 1070 2166 vero
1099 2134 1238 2173 curabo.
1265 2140 1300 2165 ut
1325 2145 1359 2165 ea
1382 2145 1461 2177 quae
1490 2135 1521 2165 in
1546 2135 1667 2168 Lexicis
1689 2146 1743 2169 aut

76 2192 170 2236 plane
190 2204 252 2224 non
267 2217 275 2230 ,
301 2199 354 2224 aut
375 2205 438 2224 non
467 2194 540 2225 satis
564 2193 713 2224 distincte
735 2199 766 2224 et
789 2199 956 2231 accurate,
981 2191 1201 2235 explicantur,
1225 2203 1284 2235 pro
1308 2192 1429 2225 viribus
1450 2192 1620 2226 illustrem.
1668 2196 1742 2227 His-

76 2251 177 2283 torico
199 2251 255 2294 qui
279 2250 405 2294 linguae
426 2251 580 2284 Arabicae
602 2251 750 2283 notitiam
774 2263 837 2284 non
859 2258 963 2291 tenet,
988 2250 1338 2295 prospicieturssultimo
1363 2250 1456 2282 liuius
1479 2253 1582 2295 operis
1607 2252 1741 2296 Capite,

96 2390 124 2427 1)
146 2390 277 2419 Historia
296 2393 328 2421 de
346 2392 373 2421 la
393 2394 574 2424 Domz'nacion
590 2396 622 2424 de
637 2395 678 2424 los
695 2395 807 2425 Arabes
822 2405 854 2425 en
874 2396 990 2433 E-qpafia
1000 2405 1057 2433 por
1078 2396 1140 2425 Don
1157 2396 1219 2425 Jose
1238 2394 1354 2424 Antonio
1366 2394 1466 2424 Conde.
1509 2394 1613 2423 Madrid
1635 2395 1718 2423 1820.

1426 2447 1439 2474 l
