2053 2969
942 270 1252 308 —214—

259 369 337 401 locis
360 378 377 399 a
400 366 566 410 Weyersio
586 374 616 400 et
641 366 829 411 Hoogvlieto
851 377 886 400 ex
912 363 1126 412 'Ibn-Cz‘rqane
1147 365 1240 399 editis
1255 390 1263 403 ‚
1286 376 1389 398 ansam
1413 363 1524 404 dedit3
1552 363 1604 398 sed
1627 375 1690 398 non
1709 365 1751 398 ita
1776 377 1842 400 rem
1866 378 1934 401 sese

259 427 398 465 habere,
421 421 664 469 ‘ibn-Caqanem
688 433 866 458 nostrorum
889 433 1010 458 tantum
1042 426 1231 458 Lexicorum
1261 436 1321 468 ope
1348 424 1486 467 intelligi
1511 436 1572 456 non
1600 436 1709 468 posse,
1736 433 1933 459 commenta-

259 486 324 516 rius
338 484 378 516 ad
398 484 587 527 praecedens
612 491 707 528 caput
732 485 804 516 satis
830 496 1011 528 superque,
1037 494 1152 527 spero,
1181 483 1241 514 iam
1264 482 1414 515 ostendit.
1462 482 1681 514 Nihilominus
1703 484 1801 527 magis
1824 489 1929 516 tamen

256 543 297 575 ad
317 542 473 575 Arabicae
497 543 647 574 orationis
671 543 846 574 castitatem
873 549 905 574 et
927 542 1114 586 elegantiam
1145 540 1267 572 accedit
1288 535 1473 583 'ibn-Caqftn
1496 553 1588 584 quarn
1617 542 1850 581 'ibn-Bassam3
1877 541 1932 574 hic

258 602 356 644 magis
376 601 471 633 etiam
496 611 590 644 quam
619 600 672 633 ille
696 611 727 632 se
755 600 794 631 ad
822 600 1001 643 aequalium
1031 598 1183 631 sermonis
1210 609 1298 629 usum
1328 599 1590 631 accommodavit.
1650 600 1792 643 Linguae
1824 600 1932 644 itaque

258 661 354 692 etiam
378 660 510 703 puritati
539 659 663 690 felicius
687 658 809 690 studuit
828 653 1034 701 'lbn-Caqan.
1081 657 1143 690 Sed
1165 662 1211 689 est
1240 655 1375 687 alterum
1403 656 1488 699 quod
1512 657 1653 700 postulat
1678 658 1738 689 hoc
1768 659 1931 691 scribendi

261 729 381 761 genus,
407 724 438 749 et
469 728 533 760 quo
560 717 776 748 'Iba-Bassam
797 711 1036 760 'Ibn-Caqanem
1063 716 1156 758 longe
1180 714 1357 758 superavit:
1389 715 1564 757 exquisitae
1590 715 1660 746 volo
1689 715 1851 749 doctrinae
1881 727 1937 748 co-

260 778 359 820 piam.
408 776 484 807 Erat
507 775 613 806 revera
635 774 851 806 ‘Ibn-Bassam
875 775 920 806 vir
936 798 945 812 ,
972 780 1006 806 ut
1027 774 1120 818 pauci
1139 773 1213 811 alii,
1239 771 1369 803 doctus:
1397 771 1560 815 antiquam
1583 773 1725 805 Arabum
1748 773 1934 812 historiam,

262 839 427 877 poetarum
450 833 589 864 carmina
605 857 612 870 ‚
644 833 810 875 proverbia
836 832 973 876 denique
989 856 997 869 ,
1024 833 1056 864 in
1080 842 1209 862 succum
1232 835 1266 861 et
1294 829 1477 872 sanguinem
1500 837 1650 864 verterat.
1705 832 1796 864 Hanc
1816 843 1935 864 recon-

261 892 361 923 ditam
391 890 568 922 doctrinam
591 885 780 933 'Ibn-Csiqan
811 891 922 922 leviter
953 891 1106 934 attingere
1140 889 1313 926 maluerat3
1347 887 1410 919 imo
1436 888 1460 919 si
1493 889 1619 932 quando
1648 888 1707 921 hac
1739 890 1771 921 in
1795 901 1829 922 re
1856 890 1936 922 vires

262 949 463 992 periclitatur
477 973 484 986 ,
506 948 588 979 haud
611 960 681 979 raro
705 949 841 991 turpiter
863 948 981 979 labitur
1003 955 1034 980 et
1054 947 1263 991 ignorantiam
1284 945 1405 989 prodit.
1453 945 1625 978 Doctrinae
1646 947 1700 978 illa
1718 949 1811 991 copia
1832 948 1937 980 effecit

263 1008 359 1039 etiam
386 1013 420 1038 ut
443 1006 651 1038 'thu-Bassam
677 1017 768 1049 saepe
796 1007 1009 1038 recentiorum
1037 1010 1204 1049 petitarum
1228 1005 1334 1036 versus
1367 1015 1440 1036 cum
1467 1005 1684 1048 antiquiorum
1714 1005 1814 1037 effatis
1847 1017 1936 1038 com·—

262 1071 412 1108 pararet,
438 1065 650 1096 recentiorum
676 1065 868 1095 imitationes
896 1064 1077 1106 indagaret,
1102 1063 1173 1095 data
1197 1062 1436 1105 opportunitate
1458 1062 1730 1095 animadversione
1752 1063 1938 1106 dignissima

262 1129 404 1155 narraret
423 1134 503 1166 quae
526 1122 564 1154 ad
587 1123 748 1165 antiquam
772 1122 912 1154 Arabum
937 1122 1103 1153 historiam
1122 1121 1306 1165 pertinent:
1334 1120 1376 1150 ita
1403 1126 1437 1151 ut
1465 1131 1544 1162 opus
1567 1120 1748 1153 condiderit
1774 1132 1837 1153 non
1867 1128 1938 1154 tan-

266 1188 332 1213 tum
352 1181 453 1213 multo
480 1181 588 1213 utilius
611 1181 663 1212 sed
685 1181 780 1212 etiam
805 1179 907 1211 multo
931 1179 1100 1211 iucundius
1125 1179 1209 1210 lectu
1231 1188 1324 1220 quam
1343 1178 1579 1219 ·al-Qal‹13sid.

309 1241 481 1283 Hucusque
499 1250 535 1270 ex
550 1239 661 1270 Arabis
684 1244 789 1268 mente
805 1237 843 1268 de
864 1238 993 1268 summis
1016 1237 1078 1268 illis
1097 1236 1273 1267 duumviris
1294 1235 1438 1276 exposui.
1485 1236 1549 1267 lam
1576 1236 1601 1267 si
1621 1235 1790 1279 interpreti
1811 1247 1939 1280 quoque

264 1298 431 1341 Europaeo
454 1296 664 1333 conceditur,
695 1302 731 1326 ut
760 1295 798 1326 de
829 1296 865 1326 iis
897 1306 983 1326 suam
1010 1294 1196 1338 pronuntiet
1224 1293 1430 1330 sententiam,
1466 1292 1618 1324 fatebitur
1649 1304 1680 1325 se
1711 1294 1742 1326 in
1772 1295 1939 1339 utriusque

264 1356 413 1398 operibus
436 1353 575 1398 legendis
596 1360 626 1385 et
651 1352 900 1396 interpretandis
920 1353 1040 1395 magnis
1065 1352 1181 1384 offendi
1207 1350 1470 1383 difficultatibus:
1498 1352 1531 1383 in
1551 1353 1611 1383 ul-
1622 1351 1780 1395 Qalffyc'd
1806 1353 1939 1386 difficile

263 1421 309 1445 est
329 1414 449 1456 ubique
468 1413 647 1456 perspicere
673 1412 751 1456 quid
771 1418 880 1443 auctor
911 1411 1048 1443 voluerit
1065 1423 1073 1450 ;
1100 1410 1230 1442 difficile
1254 1408 1455 1453 metaphoras
1480 1409 1549 1442 illas
1568 1416 1771 1454 caeterasque
1789 1413 1937 1455 figuratas

263 1473 439 1509 dictiones,
466 1482 546 1514 quae
568 1472 710 1502 anostra
736 1470 897 1513 cogitandi
920 1471 1042 1502 ratione
1070 1474 1137 1501 toto
1162 1468 1252 1500 coelo
1273 1467 1446 1506 differunt,
1471 1468 1649 1512 explicare;
1677 1469 1710 1501 in
1730 1466 1939 1509 acl-Ducat}

264 1531 329 1562 loci
353 1531 406 1561 ubi
437 1530 541 1560 innuit
572 1535 682 1560 auctor
712 1529 874 1571 antiquam
904 1526 1088 1566 historiam,
1121 1528 1325 1570 antiquorum
1355 1531 1521 1570 petitarum
1545 1527 1707 1565 carmina,
1742 1528 1936 1571 proverbia,

266 1589 432 1630 interpreti
457 1598 601 1629 magnam
628 1598 719 1629 saepe
741 1586 869 1628 pariunt
892 1585 1130 1623 dissicultatem3
1157 1592 1319 1628 praeterea
1352 1597 1415 1617 non
1449 1591 1615 1616 contentus
1645 1586 1706 1617 fuit
1724 1586 1937 1619 ‘Iba-Bassam

267 1647 471 1688 antiquorum
493 1644 734 1687 proverbiorum
759 1644 871 1686 copi-:13
901 1651 1002 1675 vetera
1030 1645 1162 1675 mutavit
1179 1669 1186 1681 ‚
1213 1656 1292 1675 nova
1313 1645 1377 1676 sive
1399 1644 1489 1676 finxit
1512 1644 1578 1675 sive
1602 1644 1641 1675 ab
1663 1644 1847 1687 aequalibus
1873 1647 1939 1678 usi-

268 1711 329 1736 tata
352 1715 403 1734 sua
424 1703 522 1740 secit3
550 1713 613 1746 quo
638 1703 672 1734 fit
696 1709 730 1734 ut
751 1701 845 1733 huius
869 1703 990 1745 generis
1018 1702 1219 1735 difficultates
1245 1714 1316 1734 raro
1345 1702 1459 1734 tollant
1481 1713 1562 1745 quae
1591 1701 1756 1746 hucusque
1784 1703 1938 1736 laudabili

266 1761 433 1804 diligentia
454 1760 538 1792 edita
562 1766 634 1792 sunt
656 1760 845 1804 proverbia,
871 1761 902 1792 in
927 1772 1022 1804 opere
1048 1768 1210 1804 praeterea
1232 1760 1316 1804 quod
1343 1760 1431 1793 docti
1453 1760 1566 1793 Arabis
1589 1761 1817 1793 commentario
1837 1770 1935 1797 caret.

266 1819 328 1851 Sed
354 1819 430 1850 haec
454 1820 556 1850 onmia
577 1820 671 1850 etiam
693 1820 864 1851 effecerunt
886 1826 918 1850 ut
939 1820 977 1851 ad
997 1820 1173 1852 universam
1195 1819 1404 1863 philologiam
1425 1819 1595 1851 Arabicam
1618 1818 1837 1852 illustrandam
1858 1831 1937 1864 opus

263 1877 499 1908 'Ibn-Bassamt·
525 1878 654 1919 insignis
679 1878 717 1908 sit
743 1877 901 1910 utilitatis„

313 1936 347 1967 Si
367 1936 458 1966 unire
472 1930 698 1978 'Iba—(¹aqanz's
718 1935 836 1977 gloriae
855 1935 1049 1968 consulerem
1065 1960 1073 1975 ,
1098 1936 1152 1968 hic
1173 1937 1234 1969 iam
1261 1936 1491 1980 comparationi
1521 1935 1614 1967 finem
1639 1936 1856 1980 imponerem;
1883 1937 1937 1970 sed

267 1996 380 2026 veritas
402 1993 539 2037 postulat
561 1999 596 2024 ut
619 1993 770 2024 addamus
801 1993 887 2025 hunc
912 2001 1094 2032 auctorem,
1119 1995 1247 2026 summis
1278 1995 1424 2027 laudibus
1457 1994 1496 2026 ab
1528 1994 1686 2025 Arabibus
1719 1994 1912 2026 celebratum
1929 2018 1938 2033 ,

268 2054 372 2083 virum
391 2052 485 2083 fuisse
510 2051 709 2082 inhonestum
727 2075 735 2089 ‚
761 2051 1004 2094 impudentem;
1033 2051 1116 2095 quod
1139 2063 1200 2083 non
1223 2058 1345 2082 tantum
1367 2050 1439 2081 dico
1464 2050 1503 2081 de
1527 2052 1677 2088 homine,
1704 2052 1824 2094 quippe
1845 2053 1935 2084 cuius

271 2121 372 2141 mores
398 2117 499 2141 essent
526 2109 692 2147 dissoluti,
717 2108 770 2140 sed
799 2110 893 2140 etiam
919 2108 958 2140 de
982 2114 1134 2142 auctore.
1180 2109 1220 2140 Et
1252 2108 1364 2151 quidni
1396 2108 1512 2139 talibus
1542 2108 1721 2139 nominibus
1754 2121 1936 2142 vocaremus

272 2167 451 2206 hominem,
480 2168 535 2211 qui
564 2179 598 2199 ea
622 2178 702 2210 quae
735 2173 806 2199 ante
830 2179 902 2199 eum
935 2167 1102 2210 scripserat
1122 2167 1333 2198 'Iba-Bassam
1365 2165 1538 2197 sexcenties
1564 2177 1622 2208 pro
1653 2167 1715 2196 suis
1740 2167 1935 2207 venditavit,

274 2236 437 2268 nunquam
466 2237 540 2256 vero
566 2227 728 2257 nominato
754 2233 900 2263 auctore,
926 2225 965 2256 de
995 2236 1058 2268 quo
1088 2236 1127 2256 ne
1152 2225 1283 2256 verbum
1306 2223 1434 2266 quidem
1458 2224 1489 2254 in
1510 2219 1736 2267 'ibn—Caqanis
1763 2226 1935 2268 operibus?

273 2283 318 2315 Ut
339 2283 436 2318 levius
460 2283 536 2314 illud
566 2289 684 2314 taceam
716 2283 798 2326 quod
826 2288 991 2326 poetarum
1014 2290 1044 2315 et
1067 2283 1246 2315 catiborum
1271 2283 1458 2326 scriptiones
1480 2278 1738 2320 ex·(1‹l-I)«c²21·aej
1763 2270 1938 2327 descripse-

274 2341 315 2371 rit
338 2335 549 2383 'Ibn-('aqan;
590 2340 673 2383 quod
703 2341 741 2370 ab
769 2341 877 2372 eodem
910 2342 978 2372 viro
1006 2353 1042 2373 ea
1070 2353 1100 2373 se
1130 2343 1286 2385 accepisse
1318 2341 1386 2372 sine
1420 2340 1541 2384 pudore
1577 2340 1730 2379 affirmet,
1758 2353 1774 2373 a
1805 2353 1867 2385 qno
1900 2354 1936 2376 ea

272 2404 437 2442 acceperat
455 2399 663 2431 'Iba-Bassam
681 2412 687 2431 :
709 2410 836 2432 monere
859 2400 993 2432 sufficiat
1017 2410 1089 2432 eum
1110 2400 1232 2443 integra
1252 2400 1316 2433 fere
1342 2399 1501 2431 interdum
1520 2399 1624 2442 capita
1645 2409 1680 2431 ex
1702 2399 1762 2432 hoc
1783 2401 1935 2444 scriptore
