2053 2969
761 191 1046 218 ..ΞΠ-..-

65 296 294 341 Gallicanis,
320 293 463 344 quibus
492 292 758 331 al-Motamidi
783 295 865 330 vita
904 296 1150 340 continetur,
1182 296 1233 334 ad
1264 309 1324 334 me
1356 302 1629 340 transmiseris.
1679 305 1734 343 Ne

63 379 245 428 ingratus
265 375 339 411 tibi
372 374 509 410 videar
528 373 562 409 si
588 373 628 409 in
659 375 867 421 perpaucis
890 375 983 410 locis
1009 376 1314 424 interpretandis
1341 390 1365 414 a
1389 379 1442 415 Te
1463 380 1731 429 dissenserim‚

63 458 185 505 idque
207 453 353 490 additis
374 452 590 488 rationibus
616 452 683 487 scd
709 453 791 489 sine
813 453 1040 500 ambagibus
1062 454 1364 499 declararet-iim
1391 458 1615 498 laudatione
1628 464 1730 500 enim

64 536 125 572 Tu
146 534 217 583 qui
244 533 294 569 de
315 531 527 580 disciplina
551 532 688 568 nostra
721 536 800 568 tam
823 532 1024 580 praeclare
1054 535 1215 570 meritus
1251 545 1289 570 es
1315 548 1430 582 quam
1451 541 1566 587 pauci
1589 541 1681 587 alii,
1707 553 1731 578 a

62 625 142 662 quo
165 619 274 649 tanta
291 612 408 648 etiam
426 615 584 659 tamque
604 610 753 656 ardua,
773 622 874 659 quae
893 613 1130 660 promisisti,
1154 624 1270 660 aegre
1289 621 1549 662 exspectamus
1561 645 1571 662 ,
1593 619 1735 657 lauda.

63 694 189 737 tione,
219 692 404 739 inquam,
432 689 493 726 Tu
517 689 676 726 minime
702 691 875 738 indiges,
907 691 1051 727 nedum
1077 703 1162 728 meo
1192 693 1411 740 praeconio.
1460 696 1632 734 Candide
1657 701 1733 736 ita-

61 783 138 820 que
158 772 233 808 tibi
255 769 461 806 oblocutus
478 780 563 805 sum
577 795 586 809 ,
601 770 758 811 mellitis
777 771 907 806 verbis
930 770 1088 807 minime
1107 781 1223 807 usus:
1245 771 1386 819 quodsi
1409 778 1557 819 autem,
1581 781 1626 812 ut
1646 778 1733 814 fieri

60 851 209 900 potuit,
230 850 327 886 dum
348 848 421 885 tibi
444 848 680 896 obloquerer
703 849 784 898 ipse
810 851 1047 894 erraverim,
1067 861 1165 898 rogo
1190 861 1214 886 a
1239 855 1277 887 te
1308 862 1356 888 ne
1379 863 1440 889 me
1460 854 1623 891 meliora
1643 858 1733 893 edo-

60 941 170 974 cere,
196 929 277 977 qua
296 939 392 976 erga
413 938 474 964 me
497 938 537 964 es
564 927 851 974 benevolentia,
872 940 1038 965 recuses.

106 1010 247 1057 Itaque
271 1008 346 1044 hoc
374 1019 496 1055 opus,
527 1007 569 1043 in
599 1019 679 1055 quo
704 1008 744 1044 id
771 1019 928 1056 quoque
949 1019 1065 1055 agere
1095 1009 1230 1045 studui
1256 1015 1301 1045 ut
1329 1009 1580 1059 lexicologiae
1597 1018 1635 1049 et
1656 1015 1734 1051 his-

58 1089 186 1125 toriae
208 1086 411 1124 literariae
423 1086 598 1122 Arabum
611 1085 921 1124 Occidentalium
944 1088 1188 1136 prodessem,
1213 1089 1347 1136 aequis
1370 1090 1567 1127 iudicibus
1593 1094 1732 1138 trado,

58 1178 159 1215 quos
180 1171 226 1202 ut·
245 1165 294 1201 de
311 1176 356 1201 eo
376 1163 542 1200 candide
562 1176 754 1212 exponere
775 1166 896 1203 velint
917 1167 1027 1202 enixe
1048 1178 1163 1215 rogo3
1188 1168 1245 1203 ita
1269 1173 1315 1203 ut
1335 1167 1376 1204 in
1396 1168 1596 1207 Addendis
1619 1177 1657 1208 et
1679 1172 1731 1209 E-

55 1244 286 1283 mendandis
313 1243 364 1278 ad
395 1242 565 1278 alterum
588 1243 770 1279 volumen
796 1245 976 1282 virorum
1000 1245 1209 1282 doctorum
1235 1247 1451 1283 utilissimis
1487 1250 1730 1287 animadver-

46 1324 231 1362 -sionibus
251 1326 390 1371 gratus
409 1322 487 1365 uti,
521 1326 560 1358 et
584 1333 740 1358 errores
770 1324 840 1370 qui
874 1324 955 1359 sine
980 1325 1103 1361 dubio
1128 1326 1270 1373 passim
1297 1326 1564 1374 irrepserunt,
1592 1329 1730 1366 tollere

56 1404 212 1452 possim.
248 1401 401 1438 Etenim
422 1400 672 1438 dilectissimo
692 1408 944 1450 praeceptore
965 1405 1126 1440 orbatus
1146 1416 1231 1440 sum
1252 1405 1403 1441 etimne
1417 1405 1634 1444 Historiam
1653 1409 1730 1445 Ab·

53 1481 318 1524 badidarum,
345 1491 463 1527 quam
487 1480 577 1515 vivo
591 1480 793 1528 Weijersio
815 1480 998 1518 dedicare
1021 1483 1221 1519 volueram
1234 1510 1243 1528 ,
1266 1494 1347 1520 1‘11s
1368 1485 1540 1521 eiusdem
1562 1497 1727 1524 MAMBus

53 1561 268 1598 inscribere
288 1559 431 1600 debui;
458 1559 566 1606 quod
588 1560 620 1595 si
643 1571 752 1596 secus
774 1555 910 1597 fuisset
923 1588 934 1606 ,
961 1562 993 1597 si
1016 1562 1078 1598 vir
1100 1563 1188 1606 ille,
1214 1564 1360 1610 ingenii
1382 1566 1613 1611 praesertim
1637 1578 1731 1603 acu·

54 1641 158 1676 mine
194 1638 441 1687 praeclarus,
474 1649 572 1685 opus
598 1639 838 1685 examinare,
870 1641 1069 1687 corrigere
1097 1638 1305 1689 potuisset,
1326 1643 1547 1690 complures
1570 1656 1727 1681 errores

51 1720 130 1755 iam
157 1718 303 1754 sublati
335 1717 507 1753 fuissent.
558 1716 633 1752 Sed
667 1719 781 1765 gravi
812 1720 952 1755 morbo
987 1720 1064 1754 iam
1097 1731 1274 1767 pressus,
1300 1733 1364 1757 sex
1390 1722 1545 1769 priores
1571 1728 1724 1760 tantum

53 1798 253 1846 plagulas,
280 1807 324 1832 ex
350 1794 618 1843 typographeo
636 1797 897 1843 prodeuntes,
920 1777 1065 1834 'leviter
1088 1799 1329 1845 inspexerat,
1356 1811 1478 1847 quum
1502 1801 1628 1838 literis
1651 1814 1724 1838 no-

53 1877 171 1921 stris,
203 1876 255 1911 ad
288 1886 386 1923 quas
416 1874 700 1922 promovendas
732 1881 842 1912 tanta
878 1882 1036 1923 tamque
1068 1877 1237 1924 insignia
1269 1879 1458 1922 contulit,
1492 1885 1619 1917 morte
1648 1882 1724 1917 eri-

51 1960 225 2004 peretur.

99 2034 253 2070 Indices
281 2031 577 2080 locupletissimi
621 2032 819 2070 addentur
847 2033 964 2069 alteri
996 2033 1208 2077 volumini,
1234 2034 1343 2081 quod
1371 2037 1448 2072 iam
1478 2036 1559 2073 fere
1593 2042 1722 2074 totum

50 2113 186 2160 proelo
211 2116 394 2161 paratum
414 2116 492 2154 est,
516 2110 582 2147 sed
609 2117 738 2148 tamen
760 2113 1010 2161 quandonam
1033 2117 1260 2148 secuturum
1282 2114 1333 2148 sit
1350 2115 1512 2152 definire
1532 2128 1610 2153 non
1634 2129 1720 2165 pos-

50 2202 135 2228 sum
148 2219 158 2237 ‚
179 2190 497 2240 quandoquidem
521 2190 603 2228 eius
627 2192 687 2228 rei
706 2203 803 2229 cura
820 2203 844 2228 a
865 2203 950 2227 meo
979 2203 1057 2227 non
1076 2191 1219 2240 pendet
1240 2193 1424 2231 arbitrio.
