2053 2969
958 214 1269 251 -262—

282 322 314 344 se
334 311 428 344 rixari
446 310 591 342 effecerat
613 316 640 340 ¹5
661 309 731 341 odia
755 308 919 341 hominum
937 319 944 348 ;
972 311 1019 341 vir
1037 309 1075 341 de
1095 320 1157 353 quo
1178 307 1338 352 praeclara
1360 308 1588 350 narrabantur,
1611 315 1642 342 at
1675 310 1729 352 qui
1749 308 1841 341 simul
1861 309 1954 342 foeda

283 377 413 414 peccata
444 370 664 408 commiserat3
701 368 755 411 qui
784 368 974 399 inclaruerat
998 367 1127 411 proeliis
1157 378 1237 410 quae
1261 367 1391 409 (hostes)
1418 368 1514 399 exitio
1538 367 1708 405 dederant,
1737 375 1767 400 et
1791 367 1953 399 nobilibus

283 429 346 460 suis
370 427 560 471 propositis,
591 432 621 458 at
644 426 737 458 simul
760 426 895 470 superba
918 436 1041 457 morum
1064 425 1202 458 diritate.
1251 426 1340 457 'runc
1367 436 1439 457 eum
1462 425 1550 458 feriit
1574 427 1657 458 Deus
1679 427 1739 457 una
1757 437 1791 457 ex
1815 426 1878 457 suis
1903 437 1952 456 sa-

283 487 391 530 gittis,
417 496 497 529 quae
518 495 682 528 nunquam
710 484 855 516 aberrant
880 490 910 515 et
940 484 1043 515 statim
1065 490 1198 515 mortem
1222 484 1375 516 inserunt.
1426 484 1583 525 Quamdiu
1610 485 1746 522 vixerat,
1774 493 1884 516 nervos
1904 483 1956 514 in·

284 544 428 576 tenderat
459 551 494 575 ut
517 542 741 580 adscenderet,
768 554 824 586 per
853 549 950 574 totam
980 543 1075 574 vitam
1099 541 1302 574 adscenderat
1324 541 1448 575 coelum
1475 554 1564 576 suum
1588 549 1719 587 petens,
1747 549 1778 574 et
1801 540 1954 584 quamdiu

284 603 404 635 vixerat
423 601 580 633 desiderio
603 601 751 644 impletus
773 601 876 632 suerat
904 600 1090 632 Peninsulae
1110 600 1282 644 potiundae
1298 625 1305 638 ‚
1331 599 1412 632 hanc
1436 606 1626 633 contemtam
1651 600 1770 633 habens
1801 600 1877 631 dum
1900 599 1954 630 ille

284 661 377 692 vestis
402 660 550 692 laciniam
568 660 694 692 tolleret
712 659 751 691 ad
769 659 889 691 bellum
908 660 1000 691 civile
1016 659 1234 696 excitandum,
1250 659 1339 690 cuius
1360 659 1461 690 simile
1481 670 1643 702 nunquam
1664 659 1837 690 exstiterat.
1865 658 1954 689 Tunc

285 730 358 752 eum
382 719 420 751 ad
442 731 473 750 se
491 719 613 762 recepit
631 719 735 756 Deus,
762 719 856 749 lectui
884 718 1118 749 incumbentem
1140 724 1270 761 propter
1292 717 1438 760 anginam
1463 718 1524 760 qua
1545 728 1602 760 per
1624 717 1719 749 breve
1742 722 1865 747 tanturn
1886 726 1958 758 spa-

285 779 367 810 tium
395 778 521 809 affectus
546 776 670 815 fuerat,
696 784 727 809 et
753 787 832 819 quae
865 777 927 807 cito
954 776 981 807 ei
1011 776 1185 807 molestiam
1210 783 1391 816 creaverat3
1419 781 1580 808 narratum
1605 782 1674 813 est,
1700 774 1786 806 hunc
1809 774 1957 805 morbum

285 837 419 868 similem
441 836 534 867 fuisse
555 836 601 867 rei
622 835 792 878 derepente
817 834 982 866 incidenti.
1031 834 1162 865 Initium
1185 834 1251 866 eius
1269 835 1377 877 regni,
1396 842 1465 877 post
1485 840 1619 866 mortem
1642 834 1741 877 patris
1763 834 1870 875 Qz‘ujiz',
1896 831 1955 864 fuit

285 894 336 926 die
372 894 508 926 secundo
537 893 762 930 hebdomadis,
794 893 922 924 ineunte
946 892 1082 929 Gomz’xda
1112 891 1247 924 secunda
1278 893 1350 924 anni
1378 895 1465 931 4333
1503 899 1646 924 mortuus
1673 897 1719 923 est
1747 890 1798 922 die
1822 891 1960 934 septimo

285 952 509 990 hebdomadis,
527 951 664 983 secundo
686 951 840 989 Coma-lae
861 950 1015 982 secundae
1038 951 1110 982 anni
1135 952 1219 988 461,
1243 958 1273 982 et
1299 951 1438 994 sepultus
1461 952 1589 994 vespera
1611 950 1674 982 diei
1699 950 1796 993 primi
1823 960 1960 992 sequen-

286 1012 326 1043 tis
351 1010 576 1049 hebdomadis3
599 1011 738 1054 ignoscat
762 1011 789 1041 ei
816 1010 899 1041 Deus
922 1020 1000 1052 quae
1025 1009 1182 1040 commisit
1210 1011 1361 1051 peccata!
1413 1009 1641 1041 Attribuuntur
1663 1009 1692 1040 ei
1717 1008 1807 1050 lapsu
1834 1015 1958 1051 tempo-

284 1071 327 1102 ris
344 1095 351 1108 ,
372 1069 457 1113 quod
477 1070 591 1101 attinet
614 1068 652 1100 ad
667 1068 695 1092 16
719 1070 878 1110 ingentem
898 1069 962 1099 eius
982 1067 1201 1099 crudelitatem
1216 1092 1224 1104 ,
1245 1067 1540 1098 immoderationem
1559 1067 1590 1098 in
1609 1066 1773 1110 suppliciis
1788 1090 1796 1105 ,
1819 1068 1960 1110 suspica-

284 1139 354 1160 cem
384 1128 524 1160 animum
540 1153 548 1167 ‚
574 1135 604 1160 et
626 1134 819 1159 contemtum
847 1137 940 1170 quem
971 1137 1043 1168 erga
1067 1126 1197 1156 clientes
1222 1125 1367 1162 fovebat,
1393 1124 1543 1156 historiae
1572 1124 1796 1167 turpissimae,
1822 1135 1959 1168 quarum

283 1186 510 1230 plerarumque
532 1186 694 1217 veritatem
718 1185 852 1228 sapienti
875 1185 998 1216 nullum
1021 1182 1162 1214 validum
1182 1182 1377 1214 demonstrat
1400 1187 1623 1224 argumentum
1646 1187 1694 1219 Ῑ7,
1720 1187 1858 1214 attamen
1879 1182 1956 1215 licet

284 1244 365 1276 mihi
391 1244 418 1267 ¹8
442 1250 477 1275 ut
506 1243 575 1275 illas
598 1252 866 1279 commemorem3
902 1249 932 1273 et
957 1253 973 1272 a
996 1250 1127 1284 quoquo
1149 1245 1177 1270 ι9
1204 1250 1240 1271 ex
1261 1238 1374 1271 harum
1395 1239 1506 1271 latenti
1529 1245 1619 1283 parte
1639 1238 1721 1271 liber
1747 1239 1843 1272 suerit
1858 1264 1866 1279 ‚
1892 1251 1957 1272 non

283 1303 366 1335 liber
398 1302 460 1334 fuit
487 1313 504 1333 a
530 1301 710 1344 turpissima
737 1311 861 1332 morum
894 1299 1046 1338 diritate,
1078 1310 1182 1342 neque
1214 1310 1231 1330 a
1261 1298 1373 1341 magnii
1402 1297 1615 1336 crudelitate,
1643 1308 1746 1342 neque
1768 1309 1784 1330 a
1804 1298 1960 1342 suspicaci

284 1362 389 1394 animo
412 1372 485 1404 erga
507 1359 579 1391 illos
609 1359 664 1403 qui
685 1359 714 1391 ei
741 1358 953 1391 obedientiam
974 1357 1177 1402 praestabant
1195 1363 1244 1389 20:
1273 1367 1353 1400 quae
1375 1355 1490 1388 indolis
1511 1362 1583 1388 sunt
1607 1357 1819 1400 proprietates
1839 1381 1847 1390 .
1877 1381 1884 1389 .
1913 1380 1921 1390 .
1948 1380 1959 1390 .

286 1440 1013 1454 .....................
1039 1423 1081 1450 21.
1129 1416 1276 1449 Imitatus
1300 1421 1345 1447 est
1366 1421 1397 1439 22
1420 1414 1532 1459 agendi
1554 1414 1683 1447 modum
1705 1413 1959 1451 Ahmedz's·ibn-

288 1554 336 1592 15)
364 1555 457 1584 Lectio
480 1554 584 1583 Codicis
604 1552 802 1582 ‘Ibn-Bassatnz'
833 1553 970 1597 (65³2)
1002 1564 1098 1593 parurn
1130 1553 1211 1582 habet
1237 1562 1290 1592 quo
1320 1563 1348 1581 se
1368 1552 1551 1588 commendet3
1582 1551 1709 1589 alteram,
1740 1562 1821 1592 quam
1848 1551 1958 1588 admisi,

365 1621 506 1650 lectionem
528 1608 626 1664 2533.ss
650 1621 735 1650 habeo
755 1631 804 1660 pro
831 1621 971 1660 participio
994 1631 1009 1650 a
1028 1621 1109 1650 verbo
1130 1613 1218 1664 ᾡὲᾁ,
1247 1620 1446 1649 denominativo
1467 1631 1482 1649 a
1503 1620 1586 1650 subst.
1605 1621 1684 1664 '5590
1706 1621 1791 1653 νίκας
1821 1621 1855 1650 cf.
1881 1620 1960 1649 etiarn

370 1675 398 1703 1ΣΆ
420 1678 445 1703 et
467 1674 496 1703 δίΙ
512 1674 597 1703 forma
614 1674 701 1703 verbi.

289 1727 336 1764 16)
365 1729 424 1768 *2¹4
445 1733 492 1776 σὲ
514 1728 530 1756 i.
547 1738 573 1766 q.
594 1733 640 1776 &5
666 1727 816 1766 exprimere
839 1738 893 1757 non
920 1732 1096 1762 annotarem,
1126 1729 1188 1767 quia
1214 1729 1274 1756 satis
1303 1730 1398 1756 notum
1420 1730 1475 1762 est,
1503 1728 1553 1757 nisi
1582 1728 1610 1756 in
1643 1727 1742 1756 Lexico
1765 1727 1829 1756 haec
1858 1727 1959 1765 phrasis

366 1781 572 1810 desideraretur.

290 1835 337 1873 17)
366 1835 436 1864 Cave
457 1845 490 1864 ne
512 1836 591 1878 [θὶς
613 1846 676 1865 cum
735 1840 764 1875 ’Ἀ
791 1836 953 1876 coniungas:
979 1836 1095 1874 pertinet
1115 1836 1147 1865 ad
1166 1835 1264 1876 Μὰ,
1296 1846 1392 1874 nempe
1422 1835 1503 1879 [ξμς
1536 1834 1628 1876 &550⁹
1658 1837 1684 1863 et
1726 1841 1771 1875 ⁸35st
1802 1838 1841 1864 est
1868 1834 1959 1864 eodem

699 1848 751 1886 ΦΩ
1707 1855 1735 1885 ¹²²

538 1899 555 1911 6⁸·

366 1927 445 1946 sensu
467 1927 521 1955 quo
542 1909 604 1967 ‘Sti‘
617 1938 625 1952 ‚
646 1918 719 1956 quod
737 1923 803 1953 stat,
823 1918 841 1946 i.
862 1928 886 1946 e.
905 1917 1032 1946 validum.

289 1998 336 2037 18)
365 1999 477 2037 Proprie
500 1999 562 2027 licet
582 2000 708 2028 sermoni.
749 1999 780 2028 7²
799 2000 884 2028 forma
906 2001 982 2028 verbi
1004 2001 1078 2049 &idm
1097 2009 1164 2037 quae
1182 1998 1260 2026 etiam
1280 1998 1399 2027 occurrit
1421 1998 1449 2027 in
1468 1998 1605 2036 Ἧν-Βῖὶςῑὶ
1621 1999 1754 2033 carmine,
1774 1999 1843 2027 infra
1862 2008 1892 2028 ex
1907 1998 1957 2027 ‘al-

371 2050 473 2087 Cartdgi
493 2053 560 2089 (MS.
580 2054 663 2082 Paris.
685 2053 731 2082 sol.
751 2053 805 2081 153
820 2054 853 2086 r.)
876 2053 993 2087 edendo,
1018 2053 1116 2081 Lexico
1136 2055 1173 2080 est
1191 2052 1316 2080 addenda.

293 2121 340 2158 19)
368 2121 524 2150 Rectissime
544 2121 694 2149 observavit
713 2121 835 2149 Ewaldus
860 2121 992 2158 (Gramm.
1015 2121 1080 2148 crit.
1103 2119 1126 2147 Ι.
1148 2129 1174 2157 p.
1195 2118 1263 2155 358)
1286 2118 1445 2157 particulam
1467 2106 1532 2162 QZ}
1555 2120 1633 2157 (quae
1654 2119 1698 2148 hic
1716 2119 1744 2148 in
1770 2123 1884 2159 utroque
1903 2119 1959 2148 Co-

369 2174 426 2202 dice
445 2188 533 2222 ΰψ
554 2175 651 2213 scripta
671 2177 719 2212 est)
743 2175 819 2203 etiam
842 2175 975 2213 quicquid
994 2173 1150 2212 significare.

1355 2221 1372 2233 Γ,

291 2241 340 2278 20)
370 2240 451 2271 ’.κἐζᾎ)
472 2240 516 2268 hic
545 2241 711 2270 collectivum
735 2245 771 2270 est
796 2253 810 2270 a
833 2240 890 2285 pt.)
917 2244 983 2280 (pro
1009 2239 1128 2292 ἑώᾙ
1152 2240 1338 2268 terminatione
1359 2232 1391 2270 52
1412 2238 1498 2267 addita
1527 2239 1693 2268 collectivum
1722 2241 1873 2275 formatum
1899 2240 1958 2271 vide

372 2293 462 2322 Ewald
487 2294 602 2322 Granmz.
619 2296 684 2322 crit.
706 2295 727 2322 Ι.
749 2305 773 2332 p.
793 2295 857 2324 176.

292 2348 342 2384 21)
372 2348 404 2375 In
430 2350 503 2375 textu
520 2347 563 2375 hic
579 2347 687 2375 Codices
711 2352 831 2376 accurate
851 2351 954 2376 secutus
973 2358 1032 2376 sum
1045 2369 1052 2383 ‚
1074 2347 1135 2377 licet
1154 2351 1295 2386 corruptus
1312 2346 1378 2377 mihi
1399 2347 1520 2377 videatur
1542 2348 1630 2378 locus:
1651 2358 1698 2388 ego
1719 2353 1790 2378 certe
1808 2349 1884 2378 illum
1903 2359 1957 2379 non

374 2401 501 2439 intelligo.
543 2401 665 2430 Fortasse
682 2400 725 2429 alii
744 2411 786 2430 me
806 2401 933 2431 feliciores
951 2405 1037 2431 erunt.
