2053 2969
927 191 1235 228 —334-

253 293 285 322 et
307 287 441 331 superbe
466 285 652 319 incedebant
675 286 773 318 varias
798 285 916 330 species
938 298 974 318 ex
995 287 1157 330 exquisitis
1186 287 1322 320 vestibus
1349 293 1380 320 et
1402 285 1573 332 splendidis
1594 286 1916 332 utensilibus,secum

253 353 427 391 portantes.
485 346 618 389 Recepit
650 357 681 377 se
711 345 910 378 ‘Iba-Abbad
941 345 1229 388 (·al·M0='t'amidus)
1263 345 1426 385 Rondam,
1454 346 1529 378 dum
1555 348 1586 378 in
1622 347 1698 378 belli
1721 348 1752 377 5⁶
1774 349 1916 393 ignomi-

252 406 305 437 nia
330 406 493 436 immersus
525 405 626 435 fuerat
642 428 650 442 ‚
686 402 778 435 huius
803 403 905 447 ignem
930 404 1141 442 sustinuerat,
1172 404 1356 448 videratque
1378 405 1489 436 mortis
1518 404 1629 436 faciem
1656 406 1738 438 inter
1764 409 1917 441 micantes

252 464 328 495 belli
363 463 463 494 hastas
495 469 526 494 et
558 462 687 495 cultros.
734 462 802 494 Hoc
832 462 864 493 in
894 461 964 493 loco
987 474 1084 506 quum
1113 469 1215 501 esset,
1247 462 1402 494 allocutus
1431 468 1476 494 est
1506 462 1763 495 ·a1-Mo=‘t·amidus
1791 473 1916 509 patrem

252 533 341 553 suum
363 521 501 552 carmine
523 519 750 563 praecedente,
777 531 875 563 quum
897 527 987 564 pater
1008 531 1080 552 eum
1111 521 1257 552 clientela
1286 521 1341 551 sua
1365 520 1556 552 destituisset
1585 526 1616 553 et
1646 520 1712 553 eius
1732 524 1917 566 sanguinem

251 580 446 617 devovisset3
483 585 514 610 et
540 579 600 610 nisi
624 584 720 616 tunc,
746 585 781 610 ut
810 585 958 617 narrant,
984 579 1114 610 tutelam
1139 579 1335 623 implorasset
1358 579 1516 611 Sclavonii
1537 585 1567 608 57
1590 579 1752 612 cuiusdam
1786 583 1842 625 qui
1868 583 1915 616 ibi

252 644 339 676 erat,
361 638 427 669 eius
450 638 559 668 manus
579 642 759 680 amputatae
782 635 932 675 fuissent,
957 644 988 668 et
1008 643 1164 668 assecutus
1186 637 1295 669 fuisset
1313 636 1484 669 'Ismaalum
1512 636 1644 669 fratrem
1664 648 1768 672 suum.

296 696 426 739 Imperii
458 697 547 727 initio
579 695 726 727 traditum
753 702 797 727 est
816 695 1056 728 ·al-Mo:t'amido
1075 696 1267 738 exquisitum
1290 706 1416 727 carmen
1431 719 1439 733 ‚
1465 695 1676 737 compositum
1699 696 1738 727 ab
1761 697 1791 727 58
1814 699 1916 733 amico

251 754 388 798 quodam
418 765 473 786 suo
500 765 536 786 ex
565 754 707 786 W‘ezirz's
737 753 886 791 Ca‘t‘ibz's,
921 754 1006 798 quod
1028 754 1158 797 oblique
1182 753 1344 797 spectabat
1366 752 1667 786 Abu-'l-Walidum
1687 755 1914 797 ·ibn-Zaidt·1n‚

250 820 281 844 et
305 813 395 844 cuius
416 813 540 844 initium
565 811 626 844 hoc
649 819 714 844 erat
737 819 787 845 59:
1811 831 1813 833 ·

297 870 324 903 Ο
350 870 543 902 nobilissime
565 877 596 902 et
615 871 746 902 maxime
771 872 844 902 rex!
869 870 974 902 incide
995 882 1087 903 venas
1110 870 1265 914 iugulares
1288 869 1416 903 rebellis
1441 869 1595 913 cuiusque
1620 871 1675 913 qui
1696 870 1826 912 fremit,

295 930 335 962 Et
364 941 467 961 reseca
489 929 591 972 gladio
627 935 680 960 tuo
702 929 847 960 morbum
870 929 1060 961 simulatoris
1088 930 1261 972 cuiusque,
1287 929 1342 972 qui
1367 928 1505 960 studium
1529 927 1657 972 pulchri
1676 940 1752 972 prae
1780 942 1812 963 se
1833 931 1913 971 sert,

339 987 414 1019 dum
439 987 632 1019 contrarium
651 987 734 1018 illius
756 988 801 1028 (in
825 988 965 1030 pectore)
987 987 1129 1018 abditum
1153 987 1259 1019 habet.

295 1046 344 1079 Ne
366 1046 510 1088 relinque
534 1045 715 1076 hominibus
740 1046 843 1077 locum
871 1045 1126 1084 incertitudinis,
1150 1052 1180 1077 et
1205 1043 1356 1088 providus
1384 1049 1470 1076 esto:
1497 1043 1598 1076 solent
1621 1045 1707 1076 enim
1728 1045 1775 1077 tui
1801 1047 1917 1080 similes

340 1106 371 1136 in
401 1104 521 1136 casibus
540 1104 657 1145 magnis
679 1103 804 1146 providi
826 1115 901 1135 esse.

292 1162 416 1194 Extulit
438 1166 531 1205 po'e'ta
554 1161 676 1197 Kindae
696 1161 966 1204 [-a1-1t10'tenabt›1]
992 1166 1134 1192 anteacto
1157 1165 1299 1202 tempore
1316 1169 1458 1195 versum,
1479 1158 1536 1201 qui
1555 1157 1590 1189 in
1614 1160 1763 1203 temporis
1782 1162 1916 1195 transitu

335 1226 428 1251 notus
449 1220 509 1252 erit
524 1232 531 1251 ε

292 1278 393 1310 »Non
424 1279 509 1321 prius
541 1283 607 1309 tuta
631 1281 677 1308 est
700 1275 834 1307 altitudo
854 1276 971 1308 excelsa
994 1287 1009 1307 a
1031 1275 1108 1307 noxa
1124 1300 1131 1314 ‚
1158 1286 1251 1319 quam
1274 1274 1312 1307 ad
1341 1275 1439 1307 latera
1460 1274 1528 1306 eius
1553 1275 1678 1319 sanguis
1698 1277 1812 1309 effusus
1831 1283 1914 1312 est.'’

293 1337 360 1377 Quo
383 1336 523 1368 carmine
544 1334 672 1372 audito,
703 1334 966 1366 ·al-llIo:‘t'amidus
997 1335 1075 1366 bene
1108 1333 1306 1377 intelligebat
1330 1333 1422 1377 quale
1443 1333 1509 1365 eius
1534 1341 1613 1366 esset
1639 1335 1836 1377 propositum
1851 1360 1860 1374 ,
1883 1343 1915 1368 et

247 1394 371 1437 scripsit
387 1393 417 1416 ⁶0
440 1394 472 1425 in
494 1393 585 1425 dorso
606 1392 756 1435 epistolae
775 1392 836 1424 hoc
857 1393 1038 1437 poemation
1052 1417 1059 1431 ,
1083 1392 1166 1436 quod
1187 1392 1225 1424 ad
1245 1398 1457 1437 praestantem
1479 1392 1546 1424 eius
1565 1393 1677 1436 poesin
1700 1393 1915 1439 decorumque

247 1453 312 1483 eius
337 1463 510 1484 sermonem
535 1452 695 1495 pertinet:

247 1622 296 1658 56)
327 1621 373 1651 Cf.
389 1632 469 1660 supra
490 1633 513 1660 p.
526 1621 582 1651 325
604 1633 665 1652 ann.
684 1622 724 1660 (3)
748 1626 772 1652 et
790 1622 971 1661 praecedentes
992 1623 1060 1651 locos
1078 1633 1144 1662 quos
1168 1623 1205 1652 ibi
1225 1623 1310 1653 citavi.

247 1677 295 1713 57)
325 1677 364 1705 Cf.
385 1677 412 1705 in
431 1677 574 1705 Addendis
589 1682 614 1705 et
631 1678 819 1705 Emendamlis
838 1677 879 1712 (ad
900 1687 926 1714 p.
943 1677 1001 1711 28).

246 1730 295 1767 58)
327 1731 452 1767 Suspicor
474 1734 574 1758 textum
604 1730 647 1759 hic
673 1734 832 1768 corruptum
854 1741 923 1763 esse:
949 1730 1017 1759 istud
1037 1745 1118 1780 ὀξὶς
1140 1731 1211 1759 enim
1233 1731 1335 1760 mirum
1358 1731 1402 1761 hic
1433 1736 1488 1769 est,
1513 1736 1539 1762 et
1565 1742 1598 1762 an
1655 1732 1675 1765 li
1704 1735 1875 1772 compositum
1897 1746 1914 1764 a

325 1785 473 1822 significare
494 1784 588 1821 possit,
611 1784 685 1812 valde
704 1783 806 1813 dubito.
1618 1759 1654 1782 ις

246 1837 294 1875 59)
326 1838 388 1866 Tria
406 1838 541 1876 sequentia
559 1838 689 1875 poematia
708 1838 759 1866 iam
778 1838 806 1866 in
828 1837 981 1876 Specc’mz'ne
1001 1848 1050 1866 suo
1073 1838 1153 1866 vertit
1173 1838 1212 1866 Cl.
1234 1838 1361 1877 Weijers,
1383 1843 1408 1868 et
1428 1851 1513 1879 quum
1539 1841 1567 1869 in
1587 1841 1742 1869 universum
1767 1851 1816 1870 nec
1834 1852 1914 1871 accu-

324 1893 407 1920 ratius
427 1902 473 1920 nec
495 1892 638 1930 elegantius
658 1892 753 1920 Latine
777 1891 845 1920 verti
865 1891 964 1929 possint
982 1901 1061 1929 quam
1084 1892 1121 1920 ibi
1138 1892 1237 1920 sactum
1259 1895 1315 1927 est,
1337 1893 1402 1921 nihil
1420 1894 1514 1922 melius
1538 1895 1624 1922 facere
1642 1895 1716 1932 potui
1739 1905 1819 1933 quam
1839 1896 1911 1925 illam

324 1946 472 1974 versionem
495 1946 537 1974 hic
558 1948 692 1984 repetere,
715 1946 853 1983 perpaucis
872 1948 976 1973 tantum
999 1946 1093 1982 passim
1118 1946 1234 1973 mutatis.
1276 1947 1466 1974 Annotaliones
1484 1948 1535 1975 viri
1559 1948 1704 1976 Clarissimi
1724 1951 1843 1985 repetere
1862 1959 1914 1977 no-

325 1998 383 2032 lui,
410 2009 494 2036 quum
517 1999 647 2026 coniicere
674 1997 748 2025 liceat
777 1998 833 2026 eius
864 1998 1005 2035 Specz'men
1030 1998 1145 2025 cuiusvis
1171 1998 1199 2025 in
1224 1998 1346 2026 manibus
1367 2000 1483 2034 versari,
1508 1999 1552 2027 cui
1572 1998 1663 2027 literae
1685 1999 1814 2029 Arabicae
1837 2001 1911 2029 cordi

326 2054 408 2085 sunt,
424 2052 514 2089 ibique
533 2051 620 2089 itaque
642 2061 656 2078 a
674 2051 766 2089 quovis
785 2050 834 2088 legi
852 2060 936 2088 posse.

251 2105 298 2139 00)
331 2105 419 2140 Quem
441 2104 509 2131 istud
530 2109 599 2153 ἑὸ),
620 2103 663 2131 hic
681 2113 788 2132 sensum
817 2114 871 2132 non
888 2103 1042 2141 praeberet,
1059 2118 1099 2122 —
1115 2101 1181 2129 mihi
1194 2104 1265 2129 certe
1285 2111 1339 2129 non
1358 2104 1451 2129 notum
1474 2104 1511 2128 est
1528 2100 1636 2138 phrasin
1655 2105 1756 2131 exstare
1769 2104 1838 2152 &kg
1860 2110 1910 2156 ἐς)

327 2159 417 2195 *sadi-2
445 2157 531 2201 κέλ-Ἃ
556 2157 634 2201 5422,
655 2157 716 2185 licet
738 2157 933 2196 quodammodo
955 2155 1078 2192 explicari
1101 2155 1180 2192 possit
1200 2170 1241 2175 -
1265 2157 1365 2182 textum
1387 2154 1430 2181 hic
1459 2154 1615 2187 emendavi:
1643 2165 1758 2192 provoco
1787 2157 1910 2195 inprimis

329 2211 358 2238 ad
378 2210 452 2246 ,Ὦς-χῖ
476 2210 671 2238 annotationem
692 2210 720 2238 in
746 2212 854 2239 (Ilm-est.
872 2209 961 2238 Arab.
983 2209 1006 2236 1.
1036 2218 1062 2245 p.
1080 2207 1114 2235 71
1128 2229 1135 2243 ,
1164 2218 1245 2246 quam
1266 2207 1343 2235 etiam
1366 2207 1479 2245 Freytag
1501 2207 1608 2242 citavit,
1635 2211 1660 2236 et
1679 2209 1790 2238 observo
1809 2213 1911 2249 saepius

328 2263 408 2290 verba
430 2267 465 2301 ¹¹25
500 2265 525 2289 et.
545 2267 598 2312 ἐξ
620 2273 634 2290 a
655 2262 768 2290 librariis
790 2263 938 2296 confundi;
961 2263 998 2291 sic
1016 2261 1090 2290 verbi
1105 2263 1182 2290 causa
1202 2261 1299 2299 legitur
1317 2261 1345 2289 in
1362 2261 1550 2289 ‘an-Noxvairii
1568 2262 1648 2290 le‘st.
1666 2264 1738 2301 Aeg.
1761 2264 1829 2299 (MS.
1848 2265 1866 2293 2
1885 2276 1910 2295 o.

467 2287 478 2308 )

328 2329 367 2358 fol
393 2329 430 2358 58
447 2332 499 2367 r.):
521 2328 633 2361 htmjt
656 2334 710 2380 ej>
731 2329 803 2364 Q,
820 2330 863 2358 sed
881 2329 982 2367 phrasis
993 2332 1031 2358 est
1050 2328 1162 2363 istun-ll
1186 2315 1252 2380 eng,
1276 2331 1305 2356 ut
1321 2330 1394 2366 patet
1415 2330 1472 2356 tum
1490 2327 1610 2365 aliunde,
1633 2332 1691 2359 tum
1711 2339 1742 2360 ex
1760 2330 1812 2360 alio
1829 2331 1909 2362 huius
