2053 2969
879 218 948 226 -—
997 207 1074 234 5'111
1124 215 1193 225 —

204 327 265 352 me
288 315 372 352 sero
389 313 566 350 historici
588 313 713 350 officio
743 324 804 349 me
837 313 877 349 in
896 319 1094 361 posterum
1118 313 1175 350 ita
1195 313 1485 350 satisfacturum
1512 319 1556 350 ut
1587 315 1724 351 revera
1748 316 1865 352 talem

206 393 501 431 Abbadidarum
535 393 737 442 dynastiae
762 393 966 428 historiam
991 393 1253 437 conscribam,
1280 393 1431 440 qualem
1457 395 1702 430 conscribere
1730 395 1864 437 velim;

204 475 271 509 sed
294 474 368 510 hoc
392 478 496 510 certe
527 473 728 509 declarare
760 483 837 508 non
861 483 1022 517 vereor,
1051 484 1111 508 me
1135 483 1266 508 omnes
1289 473 1392 508 vires
1426 473 1634 510 intendisse
1663 486 1723 509 me
1749 474 1864 509 nimis

202 554 318 600 longe
340 565 364 589 a
388 565 504 600 scopo
530 553 719 595 abessem3
745 551 954 598 diligenter
971 551 1146 598 undique
1170 552 1448 598 conquisivisset
1471 564 1571 600 quae
1587 553 1637 588 ad
1656 564 1865 600 argumen—

203 637 287 667 tum
312 637 548 680 spectarent;
574 631 817 679 singulorum
844 635 1052 667 auctorum
1078 631 1203 666 textus
1227 642 1305 666 11011
1331 632 1576 668 constituisse
1593 633 1667 668 nisi
1688 631 1783 668 locis
1806 643 1865 667 re-

202 711 324 758 petita
356 711 520 747 lectione
551 710 829 752 consideratis;
855 711 935 756 qua
964 710 1006 746 in
1042 721 1085 746 re
1114 709 1331 746 feliciterne
1365 722 1415 747 an
1448 711 1657 747 infeliciter
1689 716 1865 747 versatus

203 791 273 826 sim
289 816 299 834 ‚
325 801 439 838 penes
461 789 559 826 alios
587 789 664 825 erit
691 789 893 825 iudicium.

254 869 400 906 Omnes
424 869 661 916 scriptorum
686 869 860 905 Arabum
884 868 988 904 locos
1009 868 1077 916 qui
1098 868 1146 904 de
1160 869 1372 906 Abbadidis
1396 874 1519 917 agunt
1541 874 1579 904 et
1596 870 1637 906 in
1654 869 1864 917 Europaei—is

198 949 444 984 bibliothecis
468 953 640 992 exstant⁷
666 947 726 984 vel
753 959 850 995 quos
870 959 942 995 ego
967 948 1101 983 saltem
1134 949 1175 984 in
1200 949 1278 984 illis
1299 953 1449 985 exstare
1475 950 1555 985 scio
1572 975 1583 993 ‚
1609 949 1759 985 omissis
1785 950 1865 984 iltis

197 1028 268 1076 qui
299 1028 378 1063 iam
420 1028 471 1063 ab
515 1027 603 1063 aliis
639 1027 787 1074 publici
820 1026 918 1062 iuris
954 1027 1049 1063 faeti
1087 1032 1201 1072 sunt,
1236 1033 1306 1063 aut
1341 1029 1382 1064 in
1417 1028 1492 1063 hoc
1529 1028 1726 1064 volumine
1760 1039 1864 1066 nunc

197 1107 370 1156 primum
401 1107 528 1151 edidi,
563 1111 632 1141 aut
662 1106 703 1141 in
728 1106 852 1141 altero
881 1106 1064 1142 editurus
1095 1117 1179 1142 sum
1221 1107 1278 1152 (Ἴ.
1329 1107 1514 1154 Suspicor
1540 1107 1626 1142 fore
1654 1108 1863 1143 nonnullos

198 1188 342 1234 quibus
372 1186 413 1222 in
436 1190 666 1233 argumento
701 1186 890 1221 historico
919 1186 1137 1221 carminum
1173 1185 1372 1221 editorlun
1394 1185 1608 1221 multitudo
1631 1185 1835 1234 displiceat
1851 1213 1862 1231 ,

195 1266 344 1314 quique
370 1276 436 1310 ea„
462 1266 537 1301 nisi
562 1269 663 1310 tota,
689 1270 729 1301 at
753 1270 906 1313 partem
929 1269 1032 1300 certe
1056 1265 1187 1300 abesse
1215 1264 1365 1301 malint.
1419 1264 1490 1301 His
1512 1265 1748 1313 respondere
1776 1277 1862 1314 pos-

194 1357 273 1382 sem
302 1345 496 1393 permulta
521 1356 566 1381 ex
595 1346 833 1381 carminibus
857 1345 921 1381 hic
944 1343 1059 1379 editis
1082 1345 1220 1380 revera
1243 1356 1282 1380 se
1305 1343 1575 1381 commendare
1604 1347 1745 1391 magna
1770 1358 1862 1382 ora-

194 1425 312 1461 tionis
340 1424 550 1472 elegantia,
582 1425 863 1472 cogitationum
892 1424 1215 1472 pulchritudine:
1249 1424 1410 1472 elegias,
1436 1424 1603 1472 exempli
1624 1425 1740 1461 causa
1763 1452 1773 1468 ,
1801 1425 1859 1460 al-

194 1503 423 1547 Motamtdi‚
457 1508 606 1539 teneras
641 1504 728 1539 illas
752 1509 788 1539 et
812 1504 966 1547 molles,
999 1503 1096 1539 adeo
1118 1504 1304 1540 lectorem
1334 1514 1463 1540 secum
1492 1514 1633 1552 rapere
1653 1509 1698 1539 ut
1723 1503 1858 1539 eadem

196 1583 339 1619 acerba
367 1583 532 1619 tristitia
559 1594 676 1630 quam
709 1583 935 1631 patiebatur
956 1583 1087 1618 infelix
1116 1584 1250 1631 regius
1277 1586 1416 1632 poeta,
1440 1583 1654 1627 afficiatur,
1693 1594 1860 1631 cumque

195 1663 286 1706 illo,
322 1662 474 1706 amicis,
511 1662 603 1698 filiis
621 1689 631 1706 ,
665 1674 787 1710 regno
813 1663 992 1709 primm,
1018 1663 1060 1698 in
1085 1663 1188 1700 dura
1211 1664 1439 1712 captivitate
1459 1663 1607 1698 versari
1637 1662 1712 1698 sibi
1732 1662 1860 1699 videa-

196 1747 286 1784 tur3
323 1742 493 1777 editione
528 1742 662 1789 itaque
697 1741 925 1789 dignissima
952 1753 1032 1777 esse
1064 1742 1159 1780 haec
1183 1745 1384 1791 poemata,
1418 1747 1457 1777 et
1486 1742 1525 1778 ἰ11
1549 1742 1776 1778 universum
1804 1743 1861 1778 ita

193 1825 453 1869 praestantem
485 1832 565 1856 esse
591 1820 763 1856 Arabum
800 1820 1065 1868 Hispanorum
1098 1822 1234 1869 poesin
1265 1827 1312 1858 ut
1346 1821 1513 1858 Arabice
1536 1821 1636 1857 lecta.
1661 1823 1760 1867 (nam
1786 1821 1861 1856 ele-

194 1905 332 1947 ganter
346 1904 384 1936 et
403 1900 517 1935 simul
535 1904 717 1936 accurate
736 1911 819 1935 eam
831 1900 968 1935 Latine
988 1905 1140 1936 vertere
1154 1901 1425 1938 difficillimum
1441 1906 1499 1937 est
1514 1913 1584 1938 nec
1605 1912 1697 1937 sane
1715 1901 1859 1948 meum)

195 1990 436 2028 summopere
461 1979 632 2027 placeat;
665 1979 764 2016 adeo
787 1984 1047 2028 praestantem
1073 1992 1156 2016 eam
1180 1981 1356 2017 habitam
1380 1992 1460 2018 esse
1483 1981 1533 2016 ab
1558 1981 1652 2029 ipsis
1676 1980 1862 2017 Orienta-

194 2058 298 2094 libus
321 2063 367 2095 ut
390 2071 512 2107 quum
536 2059 730 2096 celebrato
760 2059 894 2107 Syriae
922 2060 1080 2108 poetae,
1106 2060 1442 2106 al-Motenabbio,
1471 2060 1647 2097 carmina
1668 2060 1861 2108 quaedam

235 2249 272 2285 (Ἴ
292 2249 376 2277 0111ἰεί
393 2253 496 2279 tantum
516 2250 569 2280 duo
587 2252 740 2281 brevissima
756 2253 841 2291 capita
860 2251 1032 2281 al-Homaidii
1051 2263 1168 2292 quorum
1189 2264 1275 2284 unum
1297 2254 1462 2292 (MS-Oxou.
1484 2252 1532 2283 fol.
1549 2252 1586 2282 35
1598 2254 1635 2289 v.)
1650 2251 1682 2281 de
1700 2253 1780 2290 Qacio
1800 2253 1860 2282 Mo-

196 2301 334 2331 hammede
358 2303 528 2342 ibn-Abbad,
558 2306 673 2336 alterum
693 2306 761 2344 (MS.
788 2307 871 2337 oxon.
897 2305 942 2336 fol.
964 2307 1019 2337 125
1035 2317 1058 2337 r.
1074 2313 1100 2337 et
1117 2309 1153 2346 v.)
1178 2308 1210 2339 de
1234 2308 1406 2340 al-Motacido
1424 2309 1496 2348 agit,
1519 2307 1734 2347 quandoquidem
1761 2307 1861 2338 nullius

197 2359 260 2385 suut
276 2357 361 2395 pretii.
