2053 2969
790 239 1099 276 -269-

150 339 299 381 Sciasque
314 342 343 368 te
366 333 532 368 Infidelem
551 344 635 372 esse,
657 334 808 378 quamdiu
829 345 890 366 non
916 341 1074 378 tamquam
1099 335 1211 380 dogma
1235 337 1342 372 credas
1367 347 1508 384 tempore
1531 342 1687 374 matutino
1712 342 1817 383 bi-1p.
1834 344 1901 373 246.

197 395 333 428 bendum
355 404 419 425 esse
436 392 479 426 ⁶⁰.

149 455 283 496 Tempus
303 451 384 483 enim
410 448 519 493 frigidi
541 449 616 493 quid
641 456 710 489 est,
738 450 800 482 nisi
828 450 906 482 illud
931 451 1097 484 calefacias
1126 453 1198 484 vino
1219 451 1261 486 ⁶¹.

102 513 141 544 Et
164 512 224 543 hoc
239 524 245 542 :

146 569 240 600 Venit
262 567 298 599 ad
323 573 353 598 te
372 565 655 602 ‘Ommo-'l—Hasan
678 572 836 598 venustam
863 567 1053 601 cantilenam
1080 579 1206 602 canens,

143 627 242 659 Lente
264 625 369 663 canit,
390 630 427 656 ut
446 623 558 656 modus
581 624 715 657 canendi
732 631 778 657 est
796 624 1047 658 Medinensc'um.

143 685 270 716 Diceres
290 682 376 714 illam
402 694 452 714 me
466 708 474 721 ,
498 683 608 715 catena
635 683 766 726 ligatum
783 708 790 721 ,
814 682 950 721 ducere,
974 690 1004 714 et
1030 695 1080 714 me
1102 685 1238 727 capistro
1260 683 1404 717 cohiberi
1424 686 1466 719 62,

142 743 299 776 Arborum
326 740 401 772 folia
420 752 500 783 quae
517 752 584 772 eam
608 748 742 784 tegunt,
769 747 841 772 sunt
859 742 923 772 eius
946 742 1108 779 cortinae,
1133 742 1259 785 quando
1285 744 1370 775 canit
1393 745 1486 776 ramis
1504 746 1672 780 occultata.

101 801 261 833 Sententia
285 798 378 830 huius
400 800 506 830 versos
528 798 640 831 similis
664 805 709 830 est
727 798 812 830 dicto
830 799 1130 832 ‘Ibno-'l-Moitazzi
1150 800 1200 833 63:

143 858 272 890 Arboris
294 858 424 889 vertices
449 858 480 888 in
505 859 567 901 qua
591 868 660 889 aves
686 858 773 900 quasi
797 858 879 889 inter
906 869 937 890 se
959 857 1133 895 dimicant;
1157 857 1277 890 diceres
1305 857 1471 892 humorem
1492 861 1570 891 roris
1590 861 1622 891 64
1645 862 1681 893 iis
1701 863 1768 893 elo-

185 923 290 947 catum
313 926 389 947 esse.

141 975 268 1006 Diceres
289 980 427 1005 turtures
444 980 474 1005 et
493 973 640 1005 luscinias
662 985 741 1018 quae
771 975 803 1006 in
827 976 932 1006 nostrai
957 974 1119 1007 vicinitate
1139 982 1231 1013 sunt,
1258 987 1324 1008 esse
1348 976 1551 1015 cantatrices,
1570 983 1601 1009 et
1620 977 1696 1009 solia
1713 990 1768 1010 ar-

186 1033 297 1063 borum
317 1043 387 1068 esse,
407 1033 543 1063 cortinas
567 1044 646 1075 quae
674 1032 728 1064 has
754 1034 867 1064 nostris
887 1033 986 1064 oculis
1008 1033 1123 1066 celant.

97 1089 181 1121 Dixit
203 1101 282 1121 unus
304 1101 339 1121 ex
357 1090 542 1133 aequalibus
566 1091 680 1122 nostris
695 1115 702 1127 ‚
728 1101 840 1134 nempe
867 1091 1018 1124 NVezirus
1041 1091 1332 1127 'Abfi-Mohammed
1353 1092 1568 1126 ·ibn-²Abdr1n:

141 1147 168 1179 0
191 1147 267 1179 odor
286 1146 428 1179 viridarii
444 1146 494 1178 ⁶5!
519 1159 575 1191 per
599 1148 691 1179 ssatus
716 1155 784 1180 tuos
807 1148 838 1172 ⁶⁶
862 1151 948 1181 venit
967 1149 1004 1180 ad
1029 1160 1080 1181 me
1102 1160 1200 1193 purus
1222 1156 1293 1181 tuus
1316 1150 1394 1182 odor
1414 1152 1508 1184 simul
1528 1163 1599 1184 cum
1619 1153 1764 1197 zephyris

186 1205 311 1236 Martii!

139 1263 240 1295 Terra
258 1261 429 1306 splendidis
451 1262 589 1295 vestibus
621 1261 730 1294 induta
752 1269 798 1295 est
818 1268 848 1294 et
877 1262 941 1294 sere
970 1274 1039 1295 eam
1065 1264 1264 1296 combureret
1287 1265 1367 1308 ignis
1394 1267 1509 1299 florum
1523 1292 1532 1306 ‚
1563 1269 1624 1300 nisi
1645 1270 1766 1303 adesset

184 1322 303 1354 rivulus
325 1321 390 1352 eius
416 1320 590 1363 profluens.

138 1377 219 1409 Aves
239 1385 357 1410 canunt
378 1378 462 1409 foliis
482 1378 630 1411 arborum
650 1384 772 1416 tectae,
800 1379 888 1422 quasi
913 1386 1012 1411 essent
1041 1380 1189 1412 fidicinae
1216 1391 1295 1423 quae
1317 1382 1448 1413 cortinis
1476 1382 1641 1417 hominum
1664 1387 1762 1419 oculis

183 1436 431 1469 subtrahuntur.

93 1491 255 1525 Sententia
283 1494 412 1527 secundi
432 1495 536 1527 versus
565 1494 783 1527 'Ibn—Abdnnz·
810 1495 949 1538 pertinet
973 1495 1011 1527 ad
1042 1495 1126 1528 locos
1157 1507 1361 1535 communes;
1393 1498 1471 1531 alter
1493 1499 1547 1532 ille
1568 1501 1607 1534 de
1629 1502 1760 1546 lachry-

136 1553 195 1582 mis
218 1553 282 1584 ait:

90 1726 138 1761 GU)
165 1742 198 1767 ψ
224 1727 269 1764 53*
293 1732 329 1758 est
346 1731 559 1770 frequentissima
574 1736 598 1761 et
617 1733 698 1762 cuivis
715 1737 775 1762 nota
796 1734 911 1771 phrasis,
931 1733 1040 1772 aliquid
1057 1734 1095 1771 (in
1114 1734 1274 1773 dogmatica)
1295 1737 1423 1769 molere,-
1445 1737 1543 1766 Lexico
1561 1738 1674 1768 addatur
1689 1740 1740 1768 illa.

90 1779 138 1815 61)
167 1780 250 1810 video
268 1792 359 1817 nunc,
390 1785 418 1813 in
443 1786 629 1826 ⁸:11-Maqqarii
652 1797 730 1825 opere
759 1798 808 1825 pro
832 1787 943 1834 ἕλκῃ.)
974 1788 1025 1826 legi
1044 1789 1176 1834 Σῐνιλὶιὲ,
1204 1789 1276 1828 quod
1300 1790 1378 1829 longe
1400 1790 1494 1819 melius
1519 1794 1556 1819 est
1581 1795 1606 1820 et
1632 1794 1760 1822 vertendo

172 1836 293 1873 expressi.

88 1887 136 1925 62)
165 1889 306 1927 Compar-it
334 1891 376 1920 liic
403 1896 479 1930 poeta
504 1904 530 1922 se
552 1894 638 1932 ipsum
662 1905 724 1923 cum
747 1895 862 1928 camelo,
891 1904 957 1932 quae
989 1894 1111 1923 animalia
1134 1899 1214 1925 cantu
1234 1896 1308 1925 valde
1328 1897 1506 1932 delectantur,
1529 1902 1554 1927 et
1581 1900 1704 1929 facillime
1727 1902 1760 1929 ab

165 1944 322 1981 agasonibus
341 1948 497 1975 canentibus
518 1958 544 1976 se
564 1948 663 1985 impelli
684 1950 784 1978 sinunt.
826 1948 994 1977 Cantilenam
1019 1959 1086 1987 quae
1105 1949 1152 1978 hac
1170 1951 1198 1978 in
1221 1960 1248 1978 re
1270 1954 1411 1985 cantatur,
1432 1952 1533 1990 anglice
1553 1951 1625 1981 dedit
1648 1953 1759 1983 Burck-

165 1996 242 2025 hardt
262 1999 362 2033 (ffotes
383 2010 416 2027 on
433 2001 477 2028 tlte
496 2001 639 2029 Bedouz'ns
656 2002 712 2029 and
729 2002 868 2040 ll'aliabys
889 2012 913 2039 p.
937 2001 1011 2039 146).
1050 2003 1093 2032 Cf.
1116 2004 1194 2032 etiam
1215 2014 1295 2042 supra
1315 2014 1340 2042 p.
1360 2004 1393 2032 61
1418 2014 1455 2033 vs-
1475 2004 1494 2033 8
1512 2008 1537 2034 et
1556 2006 1630 2035 infra
1647 2017 1756 2037 carmen

164 2049 370 2080 ·al-Mo=⁴t³amidi.

88 2101 136 2139 63)
164 2103 357 2143 Elegantissimi
374 2106 454 2136 huius
477 2111 568 2145 potitae
588 2109 654 2144 (nati
674 2118 744 2137 anno
768 2108 825 2137 247
841 2108 881 2136 vel
902 2108 977 2144 246,
999 2109 1134 2139 interfecti
1155 2121 1226 2140 anno
1246 2111 1314 2149 296)
1334 2112 1386 2140 vita
1405 2114 1487 2140 exstat
1505 2113 1534 2141 in
1547 2108 1756 2144 'Iba-Gallicane

165 2157 215 2193 (ed.
233 2158 265 2187 de
285 2159 363 2189 Slane
375 2183 382 2196 ,
405 2161 426 2190 I.
446 2172 471 2199 p.
487 2161 544 2190 363
560 2168 639 2202 sqq.).

88 2221 135 2257 6‘'1)
162 2223 268 2253 Phrasis
286 2218 360 2264 :Na-‘i
393 2227 478 2260 haam
501 2230 579 2259 etiam
604 2231 632 2258 in
649 2230 841 2259 'Iba-Zaidrmz·
859 2240 937 2258 versu
956 2231 983 2259 in
1003 2231 1045 2260 Cl.
1065 2232 1174 2270 Weijers
1201 2233 1278 2271 Spec.
1307 2236 1342 2273 (p.
1360 2233 1409 2272 49)
1430 2235 1565 2269 occurrit3
1593 2235 1630 2264 cf.
1649 2234 1755 2265 editoris

166 2285 228 2304 ann.
244 2280 279 2315 (p.
299 2278 374 2317 175).

86 2341 135 2377 65)
164 2341 204 2371 De
224 2342 273 2371 hac
293 2346 361 2373 vocis
373 2335 425 2397 ἐξ
445 2349 636 2387 significatione
653 2351 691 2380 cf.
712 2362 792 2390 supra
813 2362 838 2389 p.
856 2351 893 2380 97
912 2362 972 2380 ann.
995 2352 1086 2389 (128).

84 2393 133 2434 66)
160 2395 199 2425 Ad
216 2398 426 2431 emendationem
442 2412 529 2433 meam
552 2404 678 2436 tuendam
698 2406 821 2436 conferri
839 2406 918 2436 velim
938 2410 1060 2436 auctores
1080 2417 1145 2447 quos
1161 2418 1241 2448 supra
1257 2410 1333 2439 citavi
1346 2420 1371 2449 p.
1386 2410 1405 2440 8
1426 2421 1486 2440 ann.
1502 2411 1564 2449 (28)
